2954 5048
645 340 706 402 tte

97 512 215 584 phrasto
240 512 363 570 dabatur
386 509 433 587 (04.
458 512 559 570 Pollux
572 511 623 582 40,
638 508 701 572 tto
728 505 762 570 ἐν
783 509 853 584 τοῖς
878 503 1140 596 &sopp-amovi}
1160 505 1250 597 Ἀρι-

94 605 272 686 στοτέλους
298 610 463 696 φυτικοῖςε
498 613 537 671 ita
552 613 643 671 enim
670 612 747 671 cum*
765 613 993 677 Hemsterhuslo
1014 618 1172 690 legendum
1190 632 1252 690 pro

95 712 264 796 φυσικοῖς)
295 717 457 789 eademque
480 713 660 773 dubitatione
682 713 875 786 Theophrasti
900 715 1007 774 librum
1030 720 1068 776 de
1090 703 1254 778 metallis‘a

95 818 214 876 Polluce
241 817 470 892 llarpocratione
496 815 642 890 Hesychia
676 822 705 873 et
731 817 767 872 ab
795 815 866 888 ipso
892 817 1035 890 Theopbr.
1071 821 1107 877 de
1129 820 1216 892 lapid.
1229 819 1252 880 4

96 921 216 978 citatum
239 920 392 979 Aristoteli
415 920 595 992 adscriptum
622 917 714 976 luisse
730 933 774 974 ¹en
796 919 914 977 Polluce
938 916 979 997 (7,
996 917 1046 978 00.
1071 920 1106 977 04.
1123 917 1174 993 40,
1191 921 1252 981 440

94 1024 148 1080 ubi
169 1023 267 1082 solum
289 1023 523 1094 Theophrastum
546 1018 699 1097 nominat)⁴
718 1019 918 1093 intelligimus.
961 1021 1082 1079 librum
1106 1025 1252 1095 quendam

95 1119 174 1206 oapi
193 1122 254 1206 τῆς
276 1116 378 1185 iidoc
398 1123 418 1180 i.
442 1138 467 1181 e.
480 1124 686 1196 vdemagocte
711 1122 827 1179 hahent¹
841 1121 923 1195 Diog.
947 1129 976 1180 et
998 1119 1093 1180 Anon.
1116 1124 1160 1182 Ad
1175 1141 1251 1200 opus

96 1228 133 1285 40
161 1226 269 1300 plantis
302 1223 480 1299 pertinuisse
513 1238 574 1283 non
608 1223 705 1283 solum
739 1225 777 1282 de
804 1222 979 1282 humoribus
1013 1209 1251 1299 disputationem,

96 1344 184 1400 quam
216 1328 282 1401 ipse
309 1322 424 1385 inillis
460 1327 671 1386 instituendam
694 1322 750 1401 (dc
771 1339 864 1383 sensu
884 1324 914 1380 4.
930 1323 1021 1383 4424)
1035 1323 1089 1402 24)
1117 1327 1253 1400 promisit

94 1428 269 1488 Aristoteles
292 1425 426 1504 (Meteon.
443 1426 473 1499 23
488 1423 518 1486 3.
535 1424 689 1489 359620.
713 1428 748 1485 04.
759 1438 761 1440 ·
772 1428 809 1485 40
832 1427 1006 1486 humoribus
1020 1429 1167 1501 Theophr.
1184 1429 1251 1487 hist.

96 1531 135 1603 pl.
144 1529 208 1587 ‘'lih.
226 1530 274 1601 lX,
299 1531 335 1587 de
358 1543 437 1587 caus.
461 1529 500 1602 pl.
524 1529 543 1586 l.
560 1529 605 1601 Vh
634 1529 705 1586 ibid.
722 1526 751 1601 6,
768 1528 810 1589 20
825 1527 898 1605 40),
922 1529 1086 1589 sedetiam
1112 1531 1149 1589 de
1177 1521 1253 1603 agri—

40 1704 43 1707 *
95 1632 209 1690 cultura
230 1627 281 1709 (de
300 1646 361 1704 qua
383 1631 434 1687 Th.
459 1630 496 1687 de
519 1645 599 1688 caus.
616 1630 655 1704 pl.
673 1631 692 1687 l.
706 1630 750 1687 lll.
775 1631 810 1688 cl.
826 1630 901 1688 ibid.
912 1630 936 1688 ll
947 1628 1009 1688 init.
1028 1630 1252 1708 etlin.‚Vlnit.)

94 1731 288 1806 Theophrasti
311 1733 478 1804 exemplum
502 1732 599 1790 docet:
629 1731 678 1805 qui
701 1737 797 1790 tamen
821 1737 925 1805 postea
946 1732 1120 1805 legebantur
1140 1731 1255 1792 Aristo·

95 1834 162 1892 telis
177 1828 263 1916 περὶ
281 1830 393 1911 χυμῶν
425 1829 605 1911 (Olympiod.
628 1835 665 1892 ad
688 1834 807 1892 Meteon.
830 1849 876 1906 ap.
900 1834 941 1891 ld.
958 1834 980 1906 Ι,
1000 1829 1072 1892 284.
1097 1832 1154 1891 0404
1177 1833 1251 1892 forte

95 1935 142 1995 bic
170 1950 207 1994 ex
234 1935 309 2008 ipsis
331 1936 453 1994 'mutum
486 1934 585 1994 verbis
612 1934 790 1994 Aristotelis
811 1935 907 1993 talem
932 1935 998 1993 eius
1024 1933 1128 1994 luisse>
1143 1935 1253 1995 librum

96 2037 208 2095 effinxit
226 2038 473 2109 theophrastum
512 2036 690 2109 respiciens;
723 2037 888 2095 Alexander
920 2043 1002 2094 certe
1034 2037 1071 2093 de
1103 2036 1153 2094 illo
1180 2036 1254 2096 nihil
1304 2038 1305 2041 ’

51 2140 52 2144 ’
95 2138 337 2197 commemoravit
357 2138 396 2195 ih.
421 2133 539 2209 0288.
564 2138 636 2195 falsa
658 2136 745 2194 habet
766 2137 860 2194 ldeler
880 2137 969 2210 prael.
994 2152 1022 2210 p.
1038 2134 1101 2214 llll)
1125 2145 1153 2198 et
1175 2133 1254 2220 περὶ

93 2231 263 2321 γεωργίας,
287 2254 346 2312 quo
369 2237 447 2303 inter
465 2228 789 2321 npevdsniypopaah
810 2237 965 2312 Anonymo
988 2239 1094 2295 004040
1103 2244 1132 2295 04
1153 2239 1253 2298 aPto·

94 2345 209 2402 lemaeo
231 2341 317 2399 citato
341 2339 452 2418 (Wenr.
471 2336 549 2416 454)
581 2353 655 2397 0000
688 2346 735 2397 est
752 2339 797 2396 ‘in
823 2338 899 2397 libro
926 2340 965 2396 de
978 2337 1083 2396 'bortis
1106 2339 1252 2413 Gargilius

95 2445 233 2503 Martialis
266 2441 416 2519 (apudA.
436 2442 491 2500 Mai
515 2440 641 2500 'Classici
673 2447 749 2498 auct.
763 2454 791 2498 e
813 2438 995 2498 vacando.
1019 2440 1066 2498 ed.
1089 2441 1147 2498 hl
1168 2442 1252 2501 Rom

95 2543 189 2607 4828
202 2563 231 2619 0.
247 2542 445 2618 Aca-„Anisa
469 2544 500 2602 in
521 2542 730 2620 .Gaangiois”),*
757 2542 787 2600 hi
820 2557 880 2600 non
913 2540 1029 2599 minus*
1047 2549 1126 2601 certe
1144 2545 1253 2617 spurii

95 2649 219 2706 fuerunt
235 2662 291 2708 uec
313 2645 363 2719 qui
386 2645 507 2703 omnino
523 2643 772 2716 uon-scripsitdc
787 2643 895 2716 plantis
907 2642 1079 2700 Aristoteles
1096 2643 1254 2716 scripsisse

96 2748 163 2806 illos
195 2748 344 2820 putandus
368 2755 431 2806 est.
476 2746 581 2805 Nescio
616 2744 841 2802 undeduotum
872 2743 910 2802 sit
937 2742 1009 2800 illud
1037 2744 1116 2816 quod
1144 2758 1160 2800 0
1188 2744 1253 2805 tarsi

97 2848 265 2906 Aristotelis*
281 2854 382 2929 „quae
404 2845 662 2906 circumieruntud’
679 2843 863 2916 Geoponicis
885 2844 1086 2902 desulturam
1101 2853 1253 2906 en-austro

12 2994 15 3001 .
96 2949 192 3006 llante.
207 2955 352 3021 conceptu
374 2955 404 3005 et
425 2962 504 3006 anno
524 2947 631 3006 404040
645 2945 739 3004 tertio
754 2953 840 3018 partu
856 2944 981 3004 mirabili
996 2945 1253 3008 citatAldrovandi

95 3051 125 3107 in
160 3049 361 3123 Ornithologie
395 3045 437 3125 (3,
454 3045 472 3106 4
501 3049 547 3107 04.
565 3048 684 3106 vBonon.
709 3044 795 3106 4646
816 3048 876 3105 hl
898 3065 926 3122 p.
944 3043 1005 3107 245
1026 3056 1056 3107 et
1070 3047 1143 3108 246.
1172 3049 1252 3110 idem

95 3148 208 3210 similes
235 3152 364 3226 Theoph.
391 3150 568 3209 simocattae
597 3157 626 3207 et
652 3149 794 3208 Maonelis
820 3149 920 3209 Philae
953 3151 1115 3211 sententias
1146 3152 1252 3228 affert),

96 3255 135 3312 de
155 3269 215 3327 qua
236 3254 338 3311 eadem
360 3268 394 3310 re
415 3252 522 3310 iisdem
550 3259 697 3326 exparte
723 3252 821 3314 verbis
845 3251 918 3309 dixit
939 3251 1078 3309 Aelianus
1102 3257 1159 3308 nat.
1184 3253 1252 3310 hist.

96 3355 126 3426 2,
142 3353 255 3430 Aetas.
279 3353 376 3413 Arist.
390 3371 435 3429 00.
459 3353 538 3412 Aldr.
571 3369 689 3425 „mares
717 3359 787 3411 sunt
814 3352 902 3409 etiam
928 3357 960 3409 ut
981 3348 1069 3410 audio
1091 3352 1254 3425 eorumque

96 3457 158 3515 nidi
179 3457 391 3514 ostenduam?
414 3470 481 3513 cum
504 3455 614 3512 Aelian.
644 3443 845 3513 καὶτούτων
870 3447 933 3529 μὲν
953 3441 1067 3513 ἀκούω
1088 3445 1254 3514 καί-0000·

96 3550 173 3629 aida
195 3547 416 3632 δείκνυσθαι),
436 3555 509 3612 item
530 3554 686 3613 Aristotele
708 3554 796 3613 citato
817 3561 937 3612 anctore
951 3553 1112 3613 0000400440
1135 3553 1166 3613 40
1179 3554 1254 3614 000-

96 3657 212 3733 0004040
245 3656 366 3715 Aeliano
400 3655 590 3716 consentiens
624 3653 688 3732 (44,
704 3654 746 3716 26
773 3655 809 3714 04.
838 3657 884 3715 ed.
908 3656 1004 3715 Niclas
1026 3671 1055 3729 p.
1071 3651 1169 3734 4032)
1203 3657 1254 3733 qui
1358 3683 1360 3687 ·

96 3768 194 3819 000000
214 3760 285 3818 licet
306 3757 454 3816 interdurn
476 3753 546 3817 citet
568 3759 753 3818 Aristotelem
777 3759 875 3831 Mirah.
904 3773 985 3818 ausc.
1008 3757 1181 3816 exscnbens
1203 3757 1252 3837 (04.

97 3859 148 3935 43,
164 3859 215 3920 46.
233 3860 283 3934 14,v
300 3858 342 3920 26
358 3855 489 3932 initio,
507 3858 538 3938 6)
573 3875 733 3934 numquam
767 3861 847 3919 illius
880 3859 980 3932 operis
1006 3860 1129 3919 titulum
1150 3860 1253 3918 tradita

96 3979 172 4038 0000
195 3963 343 4036 quomodo
371 3962 525 4036 expediam
547 3963 669 4022 haesito.
703 3964 811 4024 ¹Niclas
839 3961 959 4036 quidem
985 3974 1022 4019 04
1044 3961 1149 4021 eodem
1171 3962 1252 4020 fonte

97 4046 234 4125 hausisse
257 4061 401 4138 cogitavit¹
414 4063 577 4136 Aelianum,
606 4079 648 4122 sc.
672 4081 709 4124 ex
730 4066 798 4140 ipso
818 4067 868 4124 illo
890 4063 1047 4123 Aristotele
1069 4061 1154 4121 cuius
1178 4063 1254 4121 Geo-

8 4189 10 4191 ·
98 4167 272 4239 poniaotum
294 4168 443 4241 exemplar
464 4181 501 4224 ex
523 4165 646 4224 Arabico
669 4168 771 4226 Latine
796 4177 917 4226 versum
940 4164 1045 4239 legerit
1065 4163 1252 4223 Aldrovondi.

99 4269 176 4327 Sane
202 4271 280 4327 enlm
307 4269 483 4351 cognovisse
508 4268 620 4326 Arabes
649 4284 724 4342 opus
751 4270 899 4342 quoddam
928 4269 964 4327 de
990 4265 1167 4340 agricultura
1189 4263 1253 4322 Ari·

98 4369 195 4430 0404044
217 4371 356 4428 tributum
379 4377 469 4444 patet
485 4386 520 4430 ex
542 4371 618 4431 libro
641 4370 691 4428 illo
714 4375 746 4426 ut
768 4370 927 4444 plurimum
954 4366 1137 4428 memorabili
1165 4380 1253 4440 quem

988 4467 1052 4528 12*
