2992 5032
757 277 822 343 120

212 455 240 526 p.
258 449 345 511 ιοεο
360 451 411 522 ιο,
434 454 484 511 una
507 455 582 512 οοο
605 454 731 526 praeteri
754 469 780 508 v.
804 440 1020 525 1.·ὲιδλλοις
1043 453 1134 510 watra
1151 452 1183 523 ιι,
1197 446 1286 521 531),
1310 440 1374 507 ane

213 554 276 612 soil.
307 554 457 613 dialectica
490 555 573 628 (Tap.
593 555 727 613 lt-th
752 555 794 612 ol:
810 553 843 611 D.
860 555 891 612 L.
909 550 942 625 5,
955 554 996 614 29
1015 547 1115 634 »πρὸς
1141 547 1201 631 μὲν
1231 538 1288 611 οὖν
1304 544 1376 632 τήν

215 645 344 736 εὕρεσιν
376 643 418 715 τοί
450 673 487 714 τε
518 652 643 718 conrad
676 649 733 716 καὶ
764 651 934 732 taracona
968 652 1144 738 παρέδωκε
1165 644 1375 734 4ττροτοίσεων

214 752 383 839 πλῆθος),
401 758 448 816 cui
472 758 608 819 adiuncta
633 767 679 818 est
700 748 898 841 πειραστικὴ
922 761 1007 833 (Top.
1020 760 1089 817 Vlll.
1104 754 1177 829 πῶς
1189 753 1241 816 δεῖ
1251 749 1378 834 ἐρωτᾶν

213 855 524 931 8,·1.ἐ1.1831ι10,
555 863 591 919 de
620 859 806 919 inveniendis
829 861 1008 935 syllogismis
1042 851 1077 920 έκ
1102 857 1171 918 τῶν
1190 848 1377 919 δοκούντων

215 958 262 1043 τῷ
272 995 273 999 =
290 949 543 1043 ἀποκρινομένῳ
567 959 655 1022 1831)
672 959 700 1021 5.
725 964 760 1019 cl.
781 979 807 1020 r.
825 962 854 1020 2.
871 959 943 1034 159,
959 958 1010 1021 34.
1035 960 1073 1020 'cl
1087 979 1116 1019 v:
1130 958 1172 1020 18
1200 968 1240 1018 et
1255 958 1376 1017 omnino

217 1062 344 1121 maxime
358 1060 389 1135 8,
405 1060 434 1123 5.
458 1064 494 1120 ci.
518 1065 642 1122 Brandis
658 1059 729 1135 255,
742 1064 822 1122 licet
835 1064 921 1122 ‘idern
944 1080 1023 1122 nunc
1046 1065 1130 1122 aliter
1150 1061 1236 1122 Arist.
1256 1059 1285 1132 1,
1298 1056 1376 1131 3453

218 1178 295 1237 quae
329 1171 399 1222 sunt
429 1156 475 1245 μῆ
505 1152 633 1245 ἀγῶνος
657 1154 753 1246 χάριν
776 1176 816 1206 -·-
839 1154 926 1226 ἄλλοί
959 1158 1142 1247 γυμνασίας
1174 1158 1230 1224 καί
1256 1154 1378 1246 πείρας

218 1257 312 1324 ἕνεκα
334 1273 366 1323 nt
389 1273 443 1325 cet.
467 1266 617 1325 dialectica
640 1269 710 1341 Top.
727 1265 803 1340 8,·5.
820 1266 887 1340 11),
916 1277 949 1326 et·
973 1269 1063 1327 altera
1090 1285 1166 1343 qliae
1189 1270 1268 1326 nono
1290 1264 1378 1338 'iopi-

218 1381 321 1425 corum
343 1367 418 1425 libro
442 1367 626 1441 (Gumposch
650 1386 677 1443 p.
695 1368 756 1430 101
769 1386 813 1444 sq.
839 1371 929 1428 Waitz
945 1372 978 1442 ll,
995 1368 1059 1430 528
1071 1373 1132 1445 sq.)
1149 1369 1317 1428 continetur
1329 1365 1378 1424 aas

219 1468 381 1541 sophistica
407 1462 578 1552 περὶτῶν
605 1461 829 1553 ἀγωνιστικῶν
856 1468 912 1534 καὶ
939 1464 1111 1554 ἐριστικῶν
1128 1464 1378 1551 συλλογισμῶν,

219 1569 255 1627 cf.
272 1569 304 1627 b.
321 1571 353 1628 L.
371 1572 388 1629 l.
406 1589 430 1630 c.
455 1566 541 1654 πρὸς
564 1567 602 1636 δέ
623 1568 691 1656 τῆν’
701 1573 819 1656 χρῆσιν
839 1566 881 1636 τοί
904 1595 939 1636 τε
956 1566 1157 1654 ἀγωνιστικὰ
1173 1564 1285 1633 καὶτὰ
1301 1564 1381 1652 περὶ

217 1660 409 1752 ἐρωτήσεως
432 1676 483 1747 (cl.
501 1674 573 1747 159,
590 1674 641 1746 39,
665 1693 706 1735 sc.
731 1681 767 1735 de
790 1680 1019 1753 interrogatione
1043 1676 1212 1751 sophistica,
1237 1673 1296 1732 non
1315 1673 1378 1731 dia·

220 1766 516 1861 leoticabo‘pccccxo}
537 1771 652 1837 τεκαὶ
674 1777 880 1861 σοφιστικῶν
907 1776 1046 1861 ἐλέγχων
1068 1798 1104 1839 τε
1126 1772 1182 1839 καί
1203 1771 1381 1856 συλλογισ-

219 1869 292 1949 μῶν
320 1869 376 1935 καὶ
401 1874 466 1937 τῶν
496 1867 622 1955 ὁμοίιον
649 1871 792 1954 τούτοις.
838 1882 945 1955 Topica
973 1896 1042 1940 vero
1070 1896 1168 1953 quum,
1184 1879 1300 1937 tradant
1320 1868 1381 1958 τήν

221 1969 432 2060 διαλεκτικήν
456 1975 639 2058 μέθοδον
664 1981 730 2042 τῶν
757 1978 988 2066 συλλογισμῶν
1010 1983 1029 2042 i.
1053 1999 1078 2041 e.
1102 1979 1319 2055 indagationem
1343 1994 1380 2035 ex

221 2077 295 2136 locis
328 2081 458 2140 collectis
487 2096 530 2123 -2
545 2073 736 2158 τόποις-
765 2087 869 2146 tactam
902 2089 954 2160 (cf.
978 2087 1062 2144 ithet.
1084 2080 1178 2155 1958,
1198 2083 1227 2138 4.
1250 2077 1284 2154 5)
1312 2079 1380 2137 >vsite

222 2180 305 2239 locos
328 2183 493 2258 modosque
521 2187 629 2259 quibus
656 2182 847 2264 μετιτέον
870 2187 1045 2262 (128510)
1073 2187 1110 2244 ad
1138 2183 1234 2243 omnia
1263 2182 1382 2256 proble-

224 2288 353 2339 matu—
371 2293 422 2342 est
437 2287 514 2343 enim
538 2277 558 2367 ἦ
582 2279 752 2367 πρόθεσις
772 2289 830 2371 τῆς
852 2281 1081 2372 πραγματείας
1102 2270 1254 2363 μέθοδον
1275 2272 1382 2362 εὑρεῖν

223 2370 282 2462 ἀφ’
312 2367 352 2464 ἧς
380 2375 598 2467 δυνησόμεθα
625 2384 885 2471 συλλογίζεσθαι
913 2387 992 2469 περὶ
1021 2382 1148 2460 παντὸς
1172 2380 1381 2463 τοῦπροτε-

224 2475 347 2555 θέντος
368 2477 607 2571 προβλήματος
625 2485 666 2565 ’ἐξ
686 2483 828 2565 ἐνδόξων
849 2493 868 2550 i.
886 2510 910 2551 e.
935 2511 971 2552 ex
994 2490 1148 2552 sententiis
1170 2486 1340 2562 vulgaribus
1353 2491 1383 2542 et

225 2586 380 2646 exotericis
403 2590 454 2661 (cl.
476 2592 558 2650 Anat.
574 2592 626 2664 46,
643 2593 699 2666 29)
729 2595 759 2653 in
786 2601 1009 2668 praeceptorum
1035 2593 1134 2668 potius
1163 2588 1382 2648 dialecticorum

225 2688 429 2750 collectionem
463 2710 551 2767 quam
584 2694 727 2754 theoriam
760 2698 822 2757 sire
850 2699 883 2755 ut
912 2699 987 2755 solet
1013 2696 1120 2754 iustam
1154 2679 1384 2775 πραγματείαν

225 2787 458 2862 philosophicam
474 2796 583 2854 dicere
608 2791 761 2875 μέθοδον
784 2834 835 2872 -,
865 2802 967 2859 eadem
995 2797 1088 2856 luisse
1114 2781 1194 2872 patet
1220 2791 1384 2865 topicam

226 2901 302 2959 quae
325 2892 418 2948 semel
441 2893 511 2951 dicit
532 2897 619 2954 Arist.
644 2899 742 2970 (libet.
761 2900 789 2973 1,
807 2902 842 2975 2)
864 2899 1041 2971 Methodici,
1072 2892 1147 2972 quae
1176 2906 1240 2956 octo
1268 2894 1384 2967 etipsa

226 2986 310 3044 libris
333 2994 546 3063 comprehensa
568 3006 704 3057 recenset
727 3002 777 3075 qni
800 3002 907 3076 Topica
934 3001 1054 3059 omnino
1077 2983 1384 3074 praetermisit‘index

186 3177 193 3181 q
229 3085 368 3160 Diogenis
378 3090 494 3150 Laeuii.
528 3096 659 3154 Eandem
677 3100 756 3158 enim
768 3102 805 3159 de
817 3102 979 3176 syllogismi
992 3109 1021 3160 et
1032 3096 1210 3159 inductionis
1223 3096 1344 3168 duplice¹
1354 3093 1384 3150 in

226 3187 379 3251 dialectica
400 3191 539 3255 methodo
562 3213 671 3271 genere
693 3202 877 3276 sententiam,
902 3204 980 3277 quod
1004 3203 1081 3261 idem
1105 3200 1263 3260 discrimen
1277 3196 1386 3253 inrhe-

227 3291 320 3351 torico
349 3295 435 3354 etiam
462 3306 635 3373 argumento
652 3298 774 3377 ’(1358,
792 3301 826 3378 5)
861 3305 994 3365 obtinere
1022 3305 1076 3376 ait,
1110 3317 1189 3361 nunc
1214 3300 1244 3358 in
1271 3296 1386 3370 Topicis
1460 3371 1462 3374 Ι

230 3391 355 3466 (tahon
372 3396 428 3472 12)
455 3416 534 3459 rinno
561 3402 590 3460 in
614 3403 787 3467 Methodicis
814 3409 882 3468 citat
907 3407 990 3484 prius
1014 3407 1184 3481 explicatam
1207 3402 1293 3474 (Tap.
1310 3397 1339 3472 1,
1356 3398 1385 3455 4.

230 3495 266 3551 el.
289 3497 371 3555 Anat.
395 3509 471 3573 post.
493 3501 583 3576 1,1).
634 3506 675 3566 [le
702 3509 861 3585 Analyticis
895 3512 945 3583 (el.
970 3511 1037 3569 Scb.
1061 3509 1109 3566 Αι.
1126 3505 1177 3577 25,
1194 3504 1223 3565 64
1241 3500 1313 3575 143,
1329 3499 1386 3572 45)

231 3593 305 3652 laiso
329 3598 465 3679 cogitarit
487 3605 655 3679 Gumposch
672 3625 699 3680 p.
714 3607 791 3667 124ε
815 3612 965 3685 Analytica
981 3611 1059 3669 enim
1077 3625 1136 3666 non
1155 3603 1385 3666 docent-metho-

232 3694 286 3752 dos
309 3712 382 3768 quas
406 3705 755 3784 appellavithristotcles,
778 3712 832 3769 sed
855 3712 919 3770 eius
936 3727 1024 3785 quam
1046 3725 1103 3767 nos
1116 3707 1242 3766 dicimus
1253 3703 1385 3762 methodi

231 3803 378 3856 naturam:
411 3804 477 3860 'solu
499 3807 588 3878 igitur
610 3811 715 3885 Topica
743 3820 810 3886 apte
831 3813 867 3870 ab
889 3802 1044 3869 Aristotele
1067 3808 1123 3866 dici
1145 3812 1305 3880 potnerunt
1325 3805 1386 3864 Me-

232 3899 357 3958 lhfflflssa·
404 3902 489 3970 Quod
517 3923 608 3979 quum
636 3913 662 3970 is
690 3929 809 3987 quoqne
832 3919 934 3973 auctor
955 3927 1043 3984 quem
1066 3909 1205 3967 exscribit
1227 3910 1258 3967 D.
1275 3911 1307 3966 L.
1324 3910 1343 3965 l.
1360 3924 1386 3966 c.

232 4001 417 4076 intellexerit,
441 4004 560 4067 fuerunt
580 4017 678 4070 minen
701 4015 751 4087 qui
774 4015 813 4075 ita
836 4013 1001 4074 Aristotelis
1028 4011 1128 4069 locum
1155 4010 1334 4084 explicarent
1357 4017 1389 4068 ut

233 4095 410 4179 singularem
433 4111 580 4180 quendam
603 4113 832 4175 Methodioorum
855 4118 962 4177 librum
976 4114 1045 4172 licet
1059 4113 1133 4187 ipsis
1148 4100 1281 4187 ignotum
1297 4112 1388 4186 signi-

233 4206 371 4279 ficaverit,
394 4216 426 4267 ut
448 4209 606 4288 Dionysius
630 4216 728 4287 (ithet.
742 4236 770 4291 p.
788 4216 851 4279 730
863 4235 907 4292 sq.
931 4223 960 4276 et
982 4215 1205 4275 fortasseetiam
1218 4215 1387 4289 Simplicius

233 4307 263 4365 in
286 4311 346 4369 Cat.
363 4313 430 4374 471)
445 4311 496 4387 41,
531 4331 590 4375 non
622 4323 720 4377 tauma
749 4328 781 4379 ut
808 4320 895 4379 credo
924 4333 1011 4390 quem
1038 4316 1177 4377 exscribit
1199 4315 1387 4390 Porphyrius,
