2992 5032
662 389 723 457 tat.

115 554 181 624 num
215 567 354 648 explicata
390 566 461 639 sint,
497 565 631 642 sequitur
656 575 689 626 ut
722 569 757 625 de
780 568 911 642 partibus
946 567 1114 639 animalium
1137 567 1267 627 incessui

7 704 9 707 -
115 669 348 728 deservientibus
371 662 426 746 (τὰ
449 662 527 750 περὶ
547 662 608 742 τὰς
629 658 775 749 κινήσεις
792 685 832 726 sc.
855 659 971 751 μόρια)
1007 665 1206 730 disseramus'
1226 669 1267 747 (iu

113 770 159 826 ed.
184 786 251 845 opp.
276 772 376 830 Averr.
394 772 437 846 Vl,
455 771 472 830 1
496 790 524 846 p.
541 760 612 832 202.
637 773 672 830 cl.
697 769 774 829 Titze
798 771 834 827 de
858 771 903 828 rlr.
929 787 994 844 opp.
1020 773 1096 830 serie
1118 791 1147 846 p,
1165 771 1228 852 60),
1253 790 1269 856 a

112 870 238 931 librariis
261 873 352 932 libros
376 875 411 932 de
435 890 500 948 gen.
525 874 621 932 statim
643 882 711 947 post
726 875 744 931 l.
760 875 798 931 de
814 880 885 945 part.
910 873 1076 946 legentibus
1099 874 1182 932 lacile
1198 876 1269 943 illud

113 981 293 1048 corruptum,
318 977 424 1034 deiude
448 993 539 1051 quum
562 975 631 1054 libri·
652 976 688 1032 de
700 976 819 1033 incessu
836 975 967 1033 clausula
979 975 1144 1058 aliapotius
1156 977 1269 1034 ratione

110 1077 284 1149 explicanda
307 1077 352 1150 sit,
378 1078 496 1136 omuino
518 1094 589 1136 vcro
613 1079 648 1136 ad
672 1078 746 1136 bauc
770 1078 971 1150 quaestionem
1002 1092 1061 1134 non
1089 1077 1174 1136 iaciat
1196 1078 1270 1136 liber

112 1168 149 1236 de
171 1187 253 1236 motu
276 1179 458 1251 animalium,
487 1181 543 1238 iam
568 1196 604 1246 rra
628 1180 657 1237 iu
682 1179 822 1237 clausulis
850 1179 969 1252 quidem
991 1179 1133 1238 librorum
1157 1180 1269 1240 Aristo·

110 1280 176 1338 telis
200 1281 293 1354 magis
317 1297 404 1354 quam
427 1282 456 1338 in
481 1282 667 1340 citationibus
690 1283 840 1340 arbitrarie
870 1282 968 1354 egisse
991 1281 1100 1339 librarii
1123 1283 1268 1352 videntur,

109 1382 397 1457 praesertimquum
420 1391 536 1457 praeter
558 1392 802 1443 commentatores
826 1385 953 1443 Graecos
977 1400 1080 1443 omues
1103 1386 1164 1443 fere
1180 1386 1269 1442 libro·

110 1492 176 1540 rum
198 1485 450 1543 Aristotelicorum
474 1493 503 1543 et
526 1487 678 1546 citationes
702 1495 730 1544 et
753 1488 898 1544 clausulas
929 1485 1081 1545 confirmet
1102 1488 1269 1546 vetustissi-

110 1600 225 1643 morum
254 1587 386 1645 codicum
415 1603 594 1667 cousensus,
632 1588 749 1645 illorum
782 1604 822 1645 sc.
858 1603 934 1661 quos
960 1589 1047 1646 uobis
1076 1589 1268 1663 interpretum

109 1687 300 1746 Arabicarum
324 1697 459 1747 accurata
482 1698 560 1748 certe
586 1690 654 1749 licet
676 1706 711 1749 ea
733 1691 797 1763 ipsa
820 1691 856 1747 de
879 1706 967 1749 causa
995 1707 1097 1749 errans
1120 1689 1267 1750 interdum

110 1807 261 1866 sensuque
284 1792 405 1850 omnino
428 1800 479 1851 aut
501 1793 629 1851 carentia
651 1800 701 1851 aut
721 1792 820 1867 paullo
844 1799 953 1850 mutata
975 1794 1139 1868 profereus
1168 1793 1267 1852 critico

109 1901 207 1952 tamen
230 1895 348 1968 negotio
371 1896 417 1953 vel
441 1895 465 1952 si
489 1910 543 1976 pro
565 1895 631 1968 ipso
655 1903 735 1954 textu
758 1895 882 1953 Arabico
906 1894 1059 1959 versiones
1082 1895 1175 1953 seculi
1191 1894 1267 1954 tertii

109 1997 215 2054 decimi
248 1996 353 2054 latinas
381 1997 521 2055 adhibeas
549 2005 581 2055 ut
608 1998 796 2056 obscuriores
829 1997 868 2054 ita
894 2013 955 2055 non
982 1998 1080 2056 minus
1108 2007 1266 2071 accuratae,

109 2098 268 2156 admodum
291 2098 371 2155 utilis
395 2114 483 2170 opera
507 2095 640 2158 servavit.
686 2100 767 2167 Quae
790 2107 887 2157 tamen
910 2098 1020 2157 utilitas
1042 2108 1162 2172 propter
1174 2101 1267 2172 ipsam

109 2197 226 2270 linguae
249 2197 390 2256 Arabicae
413 2199 542 2258 indolem
566 2197 613 2275 (cf.
638 2203 751 2258 Zeulxer
774 2200 833 2269 Cat.
857 2217 885 2272 p.
903 2198 957 2276 12)
984 2214 1043 2257 nou
1071 2208 1129 2258 tam
1153 2199 1183 2258 in
1207 2201 1268 2258 siu·

110 2299 187 2372 gulis
209 2300 308 2358 verbis
332 2295 462 2359 cernitur
483 2286 667 2374 maximeque
695 2303 775 2360 nulla
801 2309 847 2360 est
872 2301 902 2358 iu
926 2299 1120 2359 diiudicandis
1144 2302 1267 2360 coniun-

110 2395 257 2460 ctionibus
273 2418 370 2476 vsaepe
393 2403 469 2461 iuter
492 2420 524 2462 se
548 2419 647 2462 errore
670 2403 856 2462 commutatis
880 2390 923 2484 (ἤ,
937 2392 1002 2477 καί,
1014 2391 1077 2484 γάρ
1090 2401 1157 2482 etc.)
1182 2406 1267 2463 euius

108 2504 151 2562 rei
175 2505 205 2561 iu
227 2505 416 2563 versionibus
438 2506 536 2565 latinis
560 2506 693 2579 exempla
715 2504 879 2578 frequentia
902 2505 1043 2564 invenies.
1081 2506 1182 2580 Neque
1198 2523 1267 2568 vero

109 2601 241 2672 eolides
276 2624 375 2666 earum
403 2608 544 2667 minuitur
579 2609 658 2682 quod
681 2608 886 2666 interdumut
909 2595 1050 2666 enuntiati
1074 2608 1176 2667 Graeci
1200 2602 1286 2668 sen·¹

108 2708 198 2766 tentia
226 2710 262 2766 ab
290 2710 413 2768 Arabico
440 2711 559 2769 lectore
579 2709 691 2768 facilius
718 2709 897 2783 intelligatur
922 2710 1013 2787 verba
1038 2710 1149 2782 aliquot
1176 2710 1268 2789 (velut

109 2813 188 2868 verb.
212 2811 283 2869 tiuit.
307 2812 338 2868 iu
362 2812 472 2870 Graeco
496 2809 653 2886 omissum)
688 2811 784 2877 addit
800 2811 946 2884 interpres
981 2806 1029 2886 (ci.
1052 2827 1077 2870 e.
1095 2829 1136 2886 gr.
1155 2815 1268 2872 Zenlxer

107 2930 134 2986 p.
151 2911 191 2970 4l.
205 2921 266 2971 not.
283 2913 312 2970 2.
329 2911 380 2984 41,
393 2913 424 2970 4.
441 2911 525 2987 42,3
542 2921 596 2972 etc.
621 2911 742 2970 uberius
765 2911 814 2969 ille
827 2914 977 2987 explicans
994 2914 1029 2971 ci.
1046 2913 1099 2988 68,
1112 2913 1146 2974 t.
1165 2914 1216 2989 68,
1233 2914 1262 2976 3.
1350 2928 1352 2933 “

10 3041 19 3050 =
110 3012 207 3089 71,’3.
233 3013 283 3087 79,
301 3014 330 3073 l..
353 3011 405 3089 83,
422 3015 451 3073 2.
475 3012 527 3085 84,
541 3014 572 3071 4.
598 3009 648 3086 85,
667 3010 869 3087 aeaeae.
904 3018 937 3073 ci.
956 3012 1007 3089 37,
1024 3015 1071 3092 2),
1104 3028 1201 3091 neque
1232 3034 1266 3077 eo

111 3120 191 3190 quod
219 3118 363 3190 quaedem
391 3125 441 3176 aut
467 3116 580 3176 incuria
608 3117 653 3175 vel
681 3125 796 3191 praeter
822 3134 885 3176 rem
907 3119 981 3185 ,licet
1007 3135 1073 3177 raro
1097 3120 1196 3178 omisit
1218 3116 1266 3196 (ei.

10 3245 12 3249 ·
109 3215 161 3291 34,
179 3217 206 3277 l.
224 3217 275 3294 43,
291 3220 320 3278 4.
339 3217 389 3294 56,
407 3218 425 3279 5
442 3229 495 3279 etc.
521 3235 669 3293 saepeque
691 3222 831 3301 vocabula
853 3221 982 3294 neglexit
1005 3221 1115 3279 nullius
1127 3222 1267 3278 momenti

109 3322 189 3380 velut
210 3320 260 3392 62,
277 3323 306 3380 4.
330 3320 380 3396 70,
397 3320 425 3384 3.
448 3320 500 3395 82,
516 3323 545 3379 4.
562 3318 649 3394 84,5
685 3330 713 3380 et
738 3323 784 3379 vel
809 3323 952 3395 integrum
982 3321 1006 3380 si
1034 3321 1134 3380 inutile
1162 3320 1216 3377 luit
1237 3327 1269 3378 ut

110 3439 198 3496 saepe
226 3425 256 3482 iu
287 3425 346 3483 Cet.
376 3425 559 3484 enuntiatum
586 3441 613 3496 p.
630 3421 682 3494 45,
699 3422 727 3480 2.
750 3420 800 3494 75,
817 3421 849 3496 1)
885 3430 934 3479 aut
966 3429 1074 3479 mumta
1108 3421 1269 3493 paullisper

112 3525 174 3581 sive
198 3524 274 3583 serie
296 3527 453 3582 verborum
476 3524 524 3598 (cl.
542 3519 630 3596 77,3
654 3530 683 3580 et
704 3523 826 3600 passim)
851 3523 913 3582 sive
936 3522 1077 3581 enuntiati
1101 3523 1194 3582 forma
1216 3519 1268 3598 (ita

111 3608 301 3700 interrogatio
329 3625 461 3700 negativa
489 3624 553 3697 ipsa
581 3624 737 3698 negatione
766 3624 938 3699 exprimitur
959 3642 987 3699 p.
1004 3625 1055 3698 40,
1072 3624 1101 3699 2,
1125 3625 1193 3684 item
1216 3641 1268 3684 ue·

112 3730 189 3803 gatio
218 3729 248 3787 in
279 3735 378 3794 enunt.
407 3725 611 3788 affirmativum
645 3727 824 3786 convertitur
845 3725 895 3798 69,
916 3725 1023 3804 tete.)
1057 3735 1107 3787 aut
1141 3728 1267 3801 denique

113 3819 222 3890 Graeca
243 3832 331 3889 verba
353 3831 428 3895 male
451 3831 553 3903 legens
576 3829 606 3887 in
629 3829 818 3888 translatione
840 3830 935 3888 aliena
957 3830 1056 3903 posuit
1078 3829 1126 3908 (cl.
1140 3848 1168 3904 p.
1179 3827 1266 3903 32,1.

112 3929 163 4005 35,
179 3929 208 3992 3.
227 3929 277 4005 37,
294 3932 336 4011 4).
382 3933 446 3991 Nou
470 3932 548 3991 enim
571 3931 628 3990 uisi
652 3947 717 3990 raro
741 3933 844 3990 barum
867 3932 1036 3991 versionum
1059 3933 1088 3990 in
1105 3949 1140 3991 eo
1154 3931 1268 3990 estati-

111 4036 177 4094 litas
204 4041 236 4092 ut
264 4051 339 4094 nova
362 4033 550 4107 suppeditent
572 4066 612 4074 -—
646 4050 713 4092 nam
742 4033 862 4093 Zenlxeri
896 4035 968 4093 ratio
1002 4035 1057 4111 illa¹
1086 4051 1143 4108 qua
1166 4033 1267 4107 quavis

7 4199 8 4202 ¹
112 4137 219 4210 pagiua
247 4137 377 4195 diversas
404 4152 439 4193 ex
461 4135 565 4193 Arabis
590 4136 688 4194 verbis
712 4137 814 4196 Graeci
842 4153 928 4210 quem
957 4145 1077 4197 secutus
1106 4138 1144 4197 sit
1170 4141 1267 4194 textus

114 4237 256 4296 lectiones
280 4247 308 4296 et
330 4239 375 4296 vel
398 4237 558 4296 manifesto.
576 4237 664 4295 falsas
688 4236 735 4313 (el.
757 4235 809 4308 47,
826 4235 854 4298 7.
877 4236 927 4315 55,
944 4238 972 4298 l.
991 4237 1041 4313 58,
1058 4235 1158 4313 2ete.)
1183 4234 1266 4305 eruit,

71 4374 73 4378 -
108 4339 187 4398 ‘haec
210 4339 329 4397 omnino
353 4339 545 4414 improbanda
567 4348 613 4399 est
635 4372 676 4381 -—
699 4341 752 4398 sed
773 4340 871 4414 potius
899 4342 930 4400 in
958 4359 993 4401 eo
1017 4349 1047 4400 ut
1070 4337 1196 4420 optimas
1218 4350 1268 4394 eo-

114 4439 214 4501 dicum
248 4439 424 4500 Graecorum
461 4442 605 4503 lectiones
643 4458 791 4504 consensu
824 4444 998 4506 confirment
1028 4449 1185 4521 textusque
1219 4445 1269 4499 aut
1374 4458 1376 4463 ’
