2954 5034
757 349 798 407 64

203 522 231 597 5,
247 519 298 580 43.
323 520 358 577 el.
376 517 404 589 5,
421 518 471 578 49.
495 517 634 577 Alexand.
647 518 677 575 in
689 517 761 590 Top.
774 535 802 590 p.
816 517 866 577 16.
877 519 947 578 Scb.
964 517 1114 581 254610.
1134 523 1170 579 de
1182 531 1358 594 argumenta

202 627 236 684 ci.
261 622 347 681 Arist.
372 621 594 693 Topt'lll-Vll.
618 633 646 692 p;
661 616 733 691 155,
746 616 796 680 371.
810 618 974 698 aesna),
1003 621 1065 679 sive
1093 610 1204 694 λύσεις
1227 619 1275 699 (cl.
1299 623 1358 681 Hc·

202 714 300 789 raclid.
313 725 345 781 D.
357 725 390 780 L.
404 719 433 795 5,
445 719 488 782 88
500 722 566 796 etc.)
610 715 794 804 διαιρέσεις
816 728 844 779 et
867 709 1091 804 ὑπομνήματα
1113 739 1154 782 sc.
1178 723 1272 798 logica
1295 725 1358 783 sive

202 817 477 909 ἐπιχειρηματικὰ
499 819 544 900 (u.
557 824 589 880 L.
607 820 636 894 5,
649 821 699 883 23.
723 825 759 881 cl.
785 822 853 895 Au.)
875 824 921 881 ab
934 825 1084 883 historicis
1097 825 1222 897 diversa,
1246 826 1360 900 iuqui-

202 934 258 991 bus
282 929 351 989 dicit
373 924 540 998 Simplicius
564 921 592 998 (e
615 921 789 1004 Porphyrio)
820 924 897 982 sicut
925 918 959 985 έν
987 925 1057 1001 τοῖς
1081 924 1280 1004 μεθοδικοῖς
1301 920 1360 988 καί

202 1027 236 1097 έν
267 1028 341 1104 ταῖς
373 1020 561 1107 διαιρέσεσι
593 1025 756 1098 categorias
788 1027 937 1084 recenseri
971 1027 1013 1105 (iu
1043 1029 1140 1103 Categ.
1157 1027 1223 1089 47b
1240 1030 1291 1090 40.
1303 1028 1367 1108 41.

202 1129 323 1208 Dexipp.
336 1129 388 1204 48,
401 1128 465 1207 46).
510 1119 720 1210 Διαιρέσειον
741 1141 812 1183 vero
835 1127 955 1200 scriptio
978 1129 1009 1187 in
1032 1132 1132 1189 schola
1148 1131 1357 1190 tnnc-maxime

100 1285 107 1298 .
202 1235 331 1295 Platonis
354 1235 493 1305 frequens
516 1236 578 1287 erat
599 1231 655 1287 boc
677 1228 742 1301 ipso
764 1227 930 1288 Aristotelis
957 1238 1089 1305 tempore
1115 1233 1274 1292 dialecticis
1295 1241 1358 1292 stu-

202 1339 259 1396 diis
282 1337 300 1394 i.
324 1352 350 1394 c.
379 1330 600 1392 delinitionibus
626 1339 655 1388 et
683 1329 878 1389 divisionibus
911 1347 947 1390 ex
974 1348 1057 1392 more
1084 1334 1212 1392 Platonis
1240 1335 1357 1409 vigente

202 1455 257 1498 nac
285 1439 345 1496 lere
372 1435 470 1493 minus
503 1440 571 1506 post
597 1432 783 1490 Aristotelem
817 1448 904 1506 quam
932 1433 988 1506 ipsi
1015 1435 1199 1509 Peripatetici
1226 1429 1358 1499 educam

203 1530 286 1599 lama
301 1538 408 1596 celebri
433 1534 481 1612 (ct.
505 1535 677 1594 Xenocratis
700 1526 832 1594 θέσεων
852 1526 970 1613 βιβλία
991 1527 1030 1611 κ’,
1054 1529 1171 1615 στίχων
1192 1552 1256 1621 μγ.
1280 1539 1354 1597 Plut.

201 1645 239 1701 de
261 1642 342 1700 Alex.
372 1640 437 1698 fort.
458 1636 488 1710 1,
508 1638 529 1694 4
546 1645 600 1695 etc.
635 1635 711 1694 iuter
743 1634 880 1708 antiquos
913 1637 992 1712 euim
1019 1640 1209 1718 uon‘minusv
1231 1640 1357 1714 insignis

203 1736 372 1802 dialecticus
395 1740 558 1797 habebatur
573 1738 762 1808 Xenocrates,
786 1737 816 1794 in
840 1754 928 1811 quem
949 1739 1023 1797 adeo
1036 1740 1119 1797 multi
1134 1741 1201 1798 libri
1214 1741 1356 1800 dialectici

201 1844 282 1917 quod
294 1859 330 1901 ex
342 1841 407 1915 ipso
419 1840 558 1913 Diogenis
572 1837 668 1896 iudice
680 1837 776 1895 elucet
787 1838 910 1897 aliorum
920 1838 1162 1900 Academicorum
1168 1843 1356 1914 referrentur,

201 1934 289 2018 quam
322 1949 425 2016 postea
459 1941 656 2000 Clitomachus
683 1939 716 1995 ll.
739 1938 772 1996 L.
795 1956 926 2013 prooem.
943 1940 993 2000 19.
1011 1940 1062 2016 18,
1097 1945 1133 2002 de
1166 1960 1225 2016 quo
1258 1943 1356 2002 laurcu

201 2036 276 2120 quae
311 2044 469 2117 disputavit
501 2043 632 2101 Lebrscb
655 2026 837 2116 Spracbpbil.
862 2044 889 2100 d.
914 2043 969 2102 aa.
992 2042 1176 2116 11‚4a-55
1195 2048 1245 2104 'ea
1266 2061 1356 2118 prave

201 2148 327 2205 iudicata
350 2153 432 2204 sunt:
456 2160 516 2203 nou
539 2144 617 2202 enim
641 2143 735 2216 magis
757 2159 851 2202 uovac
874 2153 971 2203 sectae
993 2152 1095 2203 auctor
1114 2147 1170 2206 tuit
1192 2162 1280 2221 quam
1302 2146 1357 2205 dr-

201 2249 327 2307 ccsilans
350 2256 380 2305 et
401 2242 555 2323 Lacydes).
579 2244 719 2303 Memorat
742 2244 888 2318 Diogenes
901 2247 1058 2320 Speusippi
1073 2241 1259 2330 διαιρέσεις
1270 2248 1312 2326 (4,
1326 2247 1355 2309 5.

200 2351 236 2408 cl.
259 2350 446 2422 Pseudoplat.
471 2364 516 2421 ep.
534 2344 587 2423 13)
612 2353 639 2404 et
661 2346 833 2404 Xenocratis
857 2343 962 2423 (413.
987 2349 1022 2407 ci.
1047 2342 1179 2409 eiusdem
1204 2340 1356 2423 tdoerget

200 2451 249 2508 XV
271 2451 364 2507 libros
395 2446 456 2532 τῆς
476 2441 566 2530 περὶ
598 2440 637 2506 εδ
671 2440 893 2527 διαλέγεσθαι
926 2443 1170 2532 πραγματείας,
1204 2453 1273 2511 item
1297 2453 1356 2510 Vlll

199 2543 365 2634 ariocopi
389 2544 449 2632 miv
475 2539 658 2628 dracoleni:
694 2565 752 2622 quo
779 2549 927 2623 pertinent
954 2554 1040 2611 etiam
1067 2555 1226 2629 Speusippi
1253 2546 1357 2632 ὅμοια

200 2656 302 2713 decem
324 2653 407 2721 libris
431 2652 564 2726 exposita
586 2647 633 2727 (b.
645 2652 677 2708 L.
690 2652 720 2722 4,
734 2647 766 2729 5)
789 2684 830 2691 -
853 2651 879 2709 si
902 2652 1022 2726 quidem
1044 2657 1126 2715 fuere
1148 2657 1242 2730 ipsius
1253 2671 1356 2716 revera

200 2755 357 2831 Speusippi
386 2769 483 2827 neque
514 2752 616 2826 potius
644 2761 676 2812 ut
701 2753 772 2827 quis·
794 2754 940 2828 suspicari
967 2758 1069 2828 posset
1094 2766 1163 2831 post
1188 2757 1355 2820 Aristotelis

199 2861 318 2916 demum
340 2856 492 2914 historiam
509 2852 683 2913 'animalium
710 2871 779 2913 cum
805 2872 863 2929 qua
885 2865 1103 2929 componuntur
1124 2859 1228 2919 Athen.
1246 2860 1356 2934 7,300

199 2946 277 3016 edita
300 2966 369 3016 sunt
392 2955 440 3034 (ci.
464 2957 567 3015 Athen.
581 2954 610 3027 3,
624 2951 698 3033 105)
723 2957 799 3015 sicut
820 2957 958 3032 anonymi
981 2959 1087 3018 medici
1111 2961 1236 3021 libri-de
1260 2964 1354 3024 diaeta

198 3056 248 3135 (cl.
272 3060 359 3117 lib.ll
380 3059 409 3116 in
434 3058 517 3130 liipp.
543 3059 588 3115 ed.
611 3058 708 3115 Kilbu.
731 3075 759 3131 p.
773 3054 933 3132 680-83)
956 3093 998 3101 -
1020 3060 1050 3118 in
1073 3079 1199 3135 quorum
1223 3068 1353 3125 secundo

198 3157 279 3239 (nam
301 3161 405 3219 rltbeu.
423 3159 452 3230 4,
470 3156 530 3217 133
554 3176 606 3232 pro
630 3151 664 3218 ἐν
686 3149 714 3218 δ’
739 3159 944 3232 corrigendum
968 3171 1014 3222 est
1035 3154 1125 3242 aiod)
1149 3182 1224 3238 quae
1241 3168 1353 3228 similes

198 3271 298 3321 essent
320 3264 436 3336 plautae
459 3257 574 3338 (Athen.
598 3259 628 3333 2,
653 3259 702 3319 61.
728 3259 777 3322 68.
801 3261 830 3334 9,
855 3259 945 3341 369),
975 3282 1050 3338 quae
1076 3267 1211 3325 animalia
1235 3264 1276 3344 (3,
1299 3266 1351 3328 86.

197 3360 268 3424 105.
294 3360 323 3436 7,
347 3358 419 3422 327.
443 3359 516 3422 308.
540 3359 613 3422 313.
638 3360 709 3422 310.
733 3358 805 3422 323.
829 3361 906 3443 320)
940 3366 1131 3439 dignoscebat
1162 3370 1278 3427 diversa
1305 3381 1352 3429 se-

196 3482 320 3525 cernens
344 3461 392 3544 (ci.
417 3462 447 3536 7,
470 3461 556 3542 303).
601 3465 645 3523 Ad
671 3481 746 3538 quos
774 3467 906 3540 aliosque
934 3467 1149 3530 Platonicorum
1164 3460 1267 3528 ‘libros
1291 3469 1353 3530 dia-

196 3569 263 3643 logo
287 3566 412 3638 scriptos
435 3564 483 3644 (cl.
500 3567 532 3623 Ι).
549 3564 610 3637 4,5
633 3569 670 3627 de
694 3568 859 3643 Speusippo
883 3569 967 3628 cuius
991 3581 1073 3631 eraut
1094 3582 1210 3647 praeter
1227 3562 1353 3651 ὁμοίων

197 3669 329 3753 dialogos
352 3668 398 3727 vel
424 3657 690 3749 ὑπομνηματικοί
716 3660 887 3751 διάλογοι)
918 3680 946 3730 et
977 3673 1017 3731 ita
1035 3673 1167 3747 'quidem
1198 3681 1232 3731 ut
1257 3676 1287 3730 in
1315 3690 1351 3732 εο

198 3771 260 3843 ipsc
297 3776 329 3826 ut
365 3786 418 3842 par
454 3779 500 3857 est
537 3771 695 3830 dissereret
727 3772 807 3831 Plato
848 3774 932 3845 quasi
968 3774 1159 3848 quibusdam
1183 3763 1352 3857 ἀγράφοις

196 3861 388 3947 συνουσίαις
403 3872 464 3930 sive
481 3861 643 3955 δόγμασιν
656 3872 715 3950 (dr.
730 3875 816 3948 Pbys.
829 3873 859 3946 4,
872 3873 901 3931 2.
915 3873 1001 3933 abab
1015 3874 1078 3950 14),
1096 3876 1267 3935 referendae
1280 3887 1350 3938 sunt

196 3982 224 4032 et
245 3974 378 4047 priorum
400 3974 466 4032 illae
491 3976 677 4034 definitiones
704 3976 813 4049 quibus
841 3975 1000 4033 identidem
1029 3992 1120 4049 quum
1143 3977 1212 4034 alibi
1233 3987 1297 4037 tum
1319 3981 1350 4040 in

194 4076 310 4151 Topicis
331 4075 503 4136 Aristoteles
526 4077 617 4135 utitur
638 4084 666 4134 ct
689 4077 753 4134 sine
775 4085 927 4135 auctorum
950 4076 1070 4136 nomine
1093 4086 1121 4136 et
1144 4080 1263 4138 nominc
1285 4081 1350 4141 Pla-

194 4278 268 4353 μοῖς
290 4278 339 4358 (δε
363 4277 532 4336 definitione
556 4280 693 4357 bominis,
717 4281 752 4338 cf.
768 4280 796 4354 6,
810 4279 838 4340 6.
864 4278 950 4338 1441)
964 4277 1015 4355 33,
1039 4299 1115 4356 quae
1131 4301 1219 4358 saepe
1235 4286 1271 4343 ab
1284 4287 1349 4360 ipso

192 4382 310 4440 Platone
322 4379 448 4453 exempli
463 4395 552 4438 cansa
564 4382 727 4456 exhibetur,
750 4385 785 4440 cf.
799 4384 886 4442 etiam
899 4383 1027 4456 Sopbist.
1041 4384 1113 4446 220.
1127 4385 1346 4464 Timeo-ea)
