3196 5232
712 408 772 471 231

163 588 196 646 at
218 582 282 654 ipsa
305 597 353 640 res
375 585 505 656 postulat
527 581 612 656 prius
633 588 735 640 auctor
762 581 799 638 de
823 581 982 640 mutatione
1010 589 1171 656 spontanea
1193 595 1268 655 qaae
1290 583 1321 642 ia

163 683 267 742 avibus
290 685 387 742 evenit
409 684 490 742 iocis
513 692 542 743 et
563 683 671 742 coloris
695 684 860 743 secandum
888 690 966 740 certa
988 683 1056 740 anni
1080 691 1211 756 tempera
1233 699 1321 756 quam

163 787 199 844 de
222 801 256 844 ea
279 801 355 859 quae
377 793 497 860 propter
519 785 725 844 castrationem
748 783 923 842 animalibus
946 785 1122 856 quibusdam
1145 785 1258 856 accidit,
1282 773 1321 845 οὐ

163 876 266 963 μόνον
288 879 372 948 κατὰ
393 881 453 959 τὰς
475 875 607 968 ἡλικίας
629 878 766 958 καὶτὰς
789 877 877 967 ὥρας
899 883 1023 958 (quibus
1045 886 1143 944 verbis
1166 888 1203 944 eal
1219 884 1320 944 catab

163 989 252 1048 Bella.
276 991 396 1064 respicit
418 997 566 1064 unrqaam
589 990 779 1064 praecedens,
803 987 839 1044 ci.
858 980 1257 1058 632bilet631b20).”

248 1091 311 1150 lam
344 1107 415 1152 vero
450 1092 626 1164 scriptorum
654 1090 895 1148 Aristoteleorom
929 1091 1029 1148 orbern
1058 1106 1073 1148 a
1101 1087 1217 1162 Topicis
1252 1087 1321 1146 inde

163 1193 258 1267 primo
293 1209 381 1268 opere
409 1209 504 1266 usqae
537 1193 574 1252 ad
601 1193 708 1262 libram
735 1192 771 1250 tle
794 1191 963 1254 animalium
998 1191 1185 1264 generatione
1207 1190 1237 1248 in
1262 1205 1320 1262 quo

164 1303 257 1354 morte
279 1295 438 1368 impeditus
461 1293 591 1354 substitit
613 1294 698 1367 (sunt
721 1293 797 1352 enim
823 1294 906 1368 quasi
930 1293 1031 1352 ultima
1052 1293 1141 1352 rerba
1156 1289 1320 1352 Aristotelis

72 1429 75 1434 ‚
163 1397 250 1454 verba
273 1397 374 1456 ultima
397 1395 491 1470 quinti
519 1395 781 1469 degeneratione)
816 1411 938 1454 emensa
972 1395 1106 1470 apparuit
1132 1403 1161 1454 et
1189 1395 1319 1454 amnium

116 1577 120 1582 Ι
163 1500 304 1558 librarum
333 1514 429 1556 nexas
454 1498 603 1572 perfectus
631 1508 767 1570 certaque
795 1497 960 1556 studiorum
987 1498 1099 1558 ratione
1127 1515 1143 1556 a
1165 1496 1320 1555 rhetoricis

164 1608 193 1659 et
214 1600 341 1675 politicis
372 1601 409 1658 ad
436 1599 647 1674 metaphysica,
662 1607 691 1658 et
717 1599 838 1672 physica
864 1601 1029 1673 procedens
1057 1607 1086 1660 et
1111 1598 1184 1659 mira
1209 1598 1319 1674 ingenii

160 1718 230 1760 cam
253 1703 354 1774 vigilre
377 1701 560 1758 ubertastat
581 1708 719 1772 tanmquc
740 1707 859 1773 tamque
875 1700 1320 1761 etvariaeetnovaedoetrinae

97 1875 109 1892 ,
164 1819 252 1875 opera
274 1793 450 1862 brevissimo
473 1803 499 1860 si
523 1801 654 1875 ipsarum
672 1817 824 1876 comparas
837 1803 1059 1876 amplitudinem
1072 1801 1319 1878 temporis-spatio

165 1905 324 1975 tundentis,
349 1906 437 1964 totius
461 1912 609 1962 anteactae
635 1903 711 1971 ritae
739 1905 845 1963 studiis
868 1921 1038 1979 perennes
1060 1905 1321 1983 vixvigintiulti-

163 2023 228 2068 mos
252 2008 292 2078 (e.
317 2007 360 2065 Ol.
384 2005 564 2079 tto-tta,
585 2002 620 2078 3)
647 2005 809 2064 litterarum
836 2006 998 2068 aeternitau‘
1025 2007 1153 2080 traditis;
1188 2007 1322 2082 apparuit

164 2115 192 2166 et
215 2107 310 2180 ipsias
330 2109 481 2167 doctrinae
504 2116 583 2166 certa
599 2107 721 2191 *sibique
744 2123 863 2181 semper
885 2108 990 2168 similis
1013 2117 1043 2168 et
1062 2116 1204 2168 constans
1220 2117 1320 2168 aucto·
1407 2129 1416 2147 ·

160 2209 232 2268 ritas
256 2207 307 2266 diu
329 2209 387 2266 iam
410 2218 604 2283 anteaquam
628 2211 758 2268 scribere
781 2210 877 2284 eoepit
892 2218 989 2268 mente
1005 2209 1113 2280 linitae,
1136 2209 1176 2268 ita
1188 2215 1220 2267 ut
1231 2227 1319 2284 qnam

162 2310 245 2370 nihili
268 2311 307 2369 sit
329 2311 450 2386 Gruppii
473 2311 589 2383 (llosm.
606 2319 677 2386 syst
694 2329 722 2386 p.
736 2310 777 2372 tt
790 2313 850 2385 sq.)
873 2311 974 2384 opinio
996 2327 1095 2372 veram
1116 2311 1321 2389 philosophiae

162 2412 363 2472 Aristotelicae
386 2420 415 2472 et
436 2413 602 2472 Platonicae
625 2414 786 2472 -etenim
810 2429 847 2470 ne
870 2414 906 2471 de
929 2405 1048 2472 Platone
1061 2413 1320 2486 quidemvaletc-

162 2516 314 2576 historiam
342 2515 474 2573 nondum
503 2531 570 2574 esse
594 2523 739 2578 narratam
763 2511 912 2576 censentis
934 2517 1021 2590 plane
1043 2522 1153 2589 pateat3
1187 2515 1320 2590 apparuit

163 2617 291 2691 denique
317 2617 391 2676 ratio
414 2616 579 2676 Aristotelis
606 2617 757 2678 immutata
784 2635 818 2678 ea
847 2627 879 2678 at
899 2617 1030 2678 theoriae
1058 2631 1147 2676 eausa
1170 2624 1199 2676 et
1221 2632 1320 2676 rerum
1429 2657 1431 2662 ,

162 2727 281 2779 naturae
308 2719 491 2792 indagandae
525 2720 665 2778 scientiae
698 2720 842 2794 cuiusque
870 2721 972 2778 orbem
1000 2720 1130 2792 exceptis
1158 2736 1234 2793 qnae
1260 2734 1320 2778 nan
1418 2791 1420 2794 ¹

162 2829 231 2880 sant
264 2837 362 2880 reram
395 2820 609 2878 mathematicis
643 2821 756 2882 ernetiri
790 2835 1000 2894 emensamque
1034 2821 1123 2878 unias
1145 2819 1222 2878 libri
1249 2819 1321 2876 orbe

162 2939 309 2996 exponere
331 2921 466 2993 valuerit,
490 2937 550 2980 non
573 2921 705 2996 singulas
728 2938 775 2980 res
797 2937 850 2995 per
872 2938 905 2981 se
927 2923 1007 2982 selas
1031 2921 1159 2995 undique
1182 2920 1320 2995 colligere

162 3026 255 3084 salius
285 3023 458 3084 eruditionis
486 3023 571 3095 qarasi
598 3023 717 3094 quidam
746 3023 910 3098 polyhistor
936 3023 1128 3090 delectatione
1155 3031 1319 3082 camnrotus

161 3136 249 3201 atque
272 3126 451 3194 curiositate,
475 3139 534 3182 non
558 3123 673 3198 singola
696 3143 795 3186 rerum
822 3125 915 3198 capita
942 3123 1048 3184 libellis
1070 3125 1268 3200 peculiaribus
1289 3134 1320 3186 et

102 3243 106 3253 ·
162 3230 330 3288 historicam
364 3227 506 3287 rationem
540 3227 639 3285 rerum
673 3225 892 3300 particularium
920 3243 990 3286 cura
1016 3229 1319 3306 appropinquantibus

162 3331 321 3404 explicare,
349 3329 495 3403 utigitur
521 3330 689 3390 universam
715 3345 834 3404 semper
861 3329 1045 3402 disciplinam
1068 3325 1319 3404 comprehendere

161 3433 288 3504 nitatan.
303 3431 498 3506 polymathiae
521 3447 597 3506 quae
624 3433 701 3506 apud
725 3415 886 3506 discipulos
910 3431 1025 3505 vigebat
1048 3429 1201 3490 deficiente
1223 3429 1319 3502 philo-

162 3535 348 3608 sophianam
370 3533 585 3605 rerumeopia,
609 3533 672 3592 eius
696 3533 760 3606 ipsa
782 3533 948 3594 studiorum
971 3540 1000 3590 et
1021 3533 1159 3592 methodo
1176 3530 1318 3604 etampli-

161 3637 264 3698 tadine
284 3639 387 3694 auctor
408 3633 528 3707 quidem
550 3649 611 3692 non
631 3651 701 3694 vero
725 3635 901 3710 exemplum.
934 3635 969 3697 Et
985 3636 1184 3694 demonstrata
1200 3633 1319 3708 quidem

161 3741 235 3798 haee
262 3744 332 3798 sunt
360 3737 463 3794 ordine
490 3735 633 3796 librorum
660 3737 867 3812 chronologico
895 3753 930 3796 ex
954 3737 1027 3810 ipsis
1050 3736 1214 3796 Aristotelis
1236 3735 1319 3796 testi·

158 3838 269 3900 moniis
287 3839 448 3911 declarato,
473 3838 523 3912 qai
548 3845 579 3896 ut
602 3837 657 3896 sibi
681 3849 940 3914 congressusque
967 3839 1224 3914 interpolationem
1247 3839 1320 3908 edo-

163 3941 275 4006 rationa
309 3955 383 4012 opus
410 3940 464 4000 tuit
491 3955 590 4014 neque
621 3941 780 4000 lectionum
804 3943 939 4000 codicum
961 3957 1111 4002 consensa
1132 3949 1261 4002 tatarum
1283 3957 1320 4000 ex

163 4042 303 4115 opinione
336 4049 491 4116 praecepta
519 4042 715 4115 correctione,
749 4043 807 4102 nisi
836 4045 914 4118 quod
939 4044 1031 4104 solius
1055 4026 1319 4120 bletapbysicorum

162 4143 229 4202 libri
264 4143 348 4202 lacus
376 4141 493 4204 disertis
528 4145 622 4219 ipsias
649 4143 777 4204 auctoris
810 4144 908 4205 verbis
935 4161 994 4205 nen
1023 4148 1118 4222 patuit
1144 4143 1318 4206 confirmari.

162 4247 317 4306 Praeterea
339 4251 436 4304 autern
459 4248 513 4308 bac
536 4248 638 4306 eadem
655 4247 767 4306 ratione
779 4256 867 4321 atque
879 4249 936 4309 boc
947 4249 1012 4323 ipso
1024 4248 1189 4309 Aristotelis
1201 4259 1320 4320 qrroque

163 4347 297 4424 exempla
320 4379 361 4390 --
384 4347 484 4425 spuria
506 4348 584 4408 enim
611 4355 680 4409 suot
706 4365 899 4426 quaeeunque
921 4352 1033 4425 perdita
1057 4351 1230 4417 creduntur,
1259 4361 1320 4404 orn-

162 4451 251 4510 uibus
274 4449 440 4509 Aristotelis
464 4450 603 4524 operibus
633 4449 724 4523 (sicut
746 4453 875 4514 Platonis
899 4456 1001 4527 ctiam)
1028 4458 1143 4526 praeter
1165 4449 1229 4508 solta
1250 4433 1321 4508 I’re·
