3160 5222
716 447 737 510 Β
787 461 789 464 ,

112 703 115 707 ἡ
146 625 177 678 ut
199 619 236 684 ah
259 619 305 678 his
328 619 374 679 vel
397 618 646 692 Pythagoreorum
674 625 827 681 auctorum
848 620 978 682 carmina
1001 621 1128 694 Orphica
1149 621 1302 694 terremur,

145 719 253 779 lainam
275 735 345 778 vero
368 733 385 776 a
408 717 626 791 Neoplatnnicis
648 719 811 781 carminum
835 720 1029 794 Orphicorum
1054 737 1218 796 eorumque
1241 725 1304 782 Pla-

144 828 213 886 tona
236 820 391 881 manifesto
414 819 611 891 posteriorum
628 850 669 860 -
684 827 754 881 sunt
776 821 854 878 enim
877 838 937 882 non
960 823 1066 884 veteris
1081 839 1209 897 poeseos
1223 827 1305 887 theo·

144 920 272 994 logicae,
307 919 502 992 quotannis
529 919 660 981 obtrudit
686 919 797 978 Tzatzis
831 921 927 994 inepta
955 923 992 982 de
1007 899 1170 983 'Pisistrato
1197 927 1304 997 sabula

145 1023 198 1084 soal
220 1019 435 1082 Alexandrinae
461 1020 623 1093 specimina
655 1051 698 1062 -—
731 1021 1052 1095 Pythagoreorumque
1080 1027 1305 1100 amantissimis)

144 1121 200 1180 luit
222 1121 406 1194 igituruium
428 1120 561 1178 docmina
584 1119 770 1184 Christianae
794 1123 938 1194 quaedam
961 1121 1069 1187 indolis
1084 1125 1206 1198 vestigia
1221 1143 1305 1199 prce·

146 1223 222 1280 hens
234 1235 282 1263 -’
292 1220 533 1287 Christianismus
554 1221 635 1278 eninr
657 1228 687 1280 et
701 1221 893 1296 paganismus
908 1230 978 1284 sunt
992 1224 1124 1284 omnium
1139 1232 1305 1300 temporum

143 1330 173 1380 et
194 1322 324 1396 gentium
339 1354 382 1364 -
396 1321 503 1382 studiis
526 1321 739 1384 mathematicis
760 1323 868 1395 quihus
892 1323 1014 1398 mystica
1029 1325 1173 1397 quaedam
1189 1326 1304 1392 numeri

31 1498 33 1504 Ι
144 1431 174 1485 ot
196 1439 351 1488 mansurae
379 1423 505 1498 dignitas
532 1423 663 1482 animum
690 1422 816 1496 perculit
846 1423 967 1496 nutrita,
1001 1424 1055 1484 luit
1081 1431 1162 1484 secta
1187 1425 1304 1498 politica

144 1538 203 1582 nou
236 1511 455 1598 philosophica.
488 1524 574 1588 cuius
602 1523 645 1582 rei
677 1525 723 1582 vel
748 1524 988 1596 antiquissimum
1005 1525 1147 1594 ,Heracliti
1170 1526 1303 1602 polyme-

143 1625 235 1686 thiam
250 1627 432 1700 Pythagorae
446 1625 627 1699 increpantis
642 1625 844 1685 testimonium
859 1635 905 1688 est
920 1625 973 1698 (cf.
987 1625 1074 1688 etiam
1087 1626 1176 1689 orote
1188 1626 1302 1701 history

143 1727 178 1784 ol
190 1727 301 1788 Graece
316 1727 360 1798 lV,
377 1723 449 1786 525.
467 1723 539 1786 531.
556 1723 629 1787 542,
645 1722 718 1786 544.
736 1723 798 1786 559
826 1727 876 1807 qui
900 1727 1020 1802 quidem
1042 1727 1100 1788 huc
1123 1743 1219 1801 usque
1241 1745 1304 1788 om·

143 1829 225 1888 nium
248 1830 377 1902 spamus
399 1837 432 1887 ut
453 1829 490 1886 do
513 1827 652 1889 universa
673 1827 852 1886 Graecorum
875 1827 996 1886 historia
1019 1827 1057 1888 ita
1079 1829 1119 1886 de
1140 1842 1201 1886 soe.
1221 1828 1303 1901 Pyth.

144 1931 337 2001 auctorest).
382 1929 576 2002 Pythagoram
599 1943 669 1990 raro
692 1928 857 1988 Heraclitus
880 1929 937 1988 hoe
959 1928 1025 1986 loco
1040 1943 1108 1986 cum
1125 1927 1305 2002 Xenophane

144 2030 296 2104 componit
317 2029 455 2090 Hiemnis
478 2028 593 2102 aequali
616 2029 667 2102 qui
683 2038 712 2090 et
726 2029 791 2103 ipse
806 2028 868 2088 lere
880 2043 980 2102 tueque
996 2029 1192 2104 philosophus
1208 2044 1305 2104 neque

144 2129 267 2191 omuino
288 2131 431 2205 physicus
454 2131 507 2190 sed
530 2137 623 2203 poeta¹
639 2139 668 2190 ot
690 2131 800 2206 lyricus
822 2138 852 2188 et
873 2129 976 2203 opicus
1005 2129 1058 2188 luit
1080 2138 1167 2204 atqua
1188 2130 1221 2190 in
1242 2145 1305 2194 car-

145 2230 274 2291 minihus
297 2231 473 2302 quibusdum
497 2230 657 2290 Homerum
680 2239 709 2289 et
730 2231 892 2290 Hesiodum
919 2231 1075 2304 increpans
1102 2231 1139 2290 de
1161 2230 1222 2288 Deo
1244 2231 1305 2291 uno

145 2331 230 2396 coelo
253 2329 321 2402 egit,
344 2345 361 2386 a
383 2329 511 2402 posteris
535 2330 652 2402 quidem
677 2337 706 2388 et
728 2346 794 2388 cum
810 2330 917 2388 Eleatis
940 2329 1083 2388 contusus
1106 2336 1135 2396 et
1154 2329 1305 2394 iniustam

145 2430 349 2504 philosophiae
378 2429 507 2503 speeiem
534 2431 593 2490 iam
619 2429 689 2490 inde
707 2446 727 2487 a
749 2429 951 2502 Theophrasto
979 2428 1190 2489 senmntiarum
1215 2429 1306 2489 inter·

141 2530 310 2604 pretatione
332 2531 469 2593 redactus
488 2532 544 2602 (do
556 2529 685 2590 Hesiodo
701 2530 737 2588 ol.
754 2528 982 2594 anachoraeta.
996 2543 1041 2600 ap.
1055 2528 1306 2602 Psautorigenem

25 2608 30 2617 ¹
145 2632 208 2692 sive
230 2639 262 2690 ut
276 2633 378 2692 volunt
392 2631 582 2706 hippolytum
597 2629 818 2704 Philosophum.
833 2646 863 2704 p.
878 2623 965 2701 282).
999 2627 1220 2703 Philosophi-am
1236 2643 1305 2688 vero

145 2733 366 2808 Pythagoricum
390 2731 452 2792 sive
475 2747 666 2794 numerorum
682 2741 831 2805 tamquam
847 2730 1050 2804 symbolorum
1066 2729 1229 2798 doctrinam
1245 2731 1306 2788 dia-

146 2835 278 2894 lecticam
300 2835 413 2908 primus
437 2833 505 2892 lecit
527 2840 555 2893 et
577 2833 663 2906 quasi
685 2833 871 2904 creavitipse
885 2829 1068 2900 Aristoteles,
1092 2831 1227 2903 quamvis
1242 2831 1306 2904 ipse

147 2936 308 2994 allisionis
330 2935 406 2996 inter
427 2935 582 3010 physicos,
600 2949 661 2992 non
683 2934 760 2994 inter
782 2929 952 2998 dialecticos
972 2930 1083 2992 diserta
1096 2930 1306 3006 ponaththa·

146 3049 264 3110 goreos.
312 3037 470 3096 Transtulit
498 3037 575 3097 enim
602 3035 819 3098 Platonicorum
852 3032 1070 3108 philosophiam
1095 3031 1307 3102 arithmeticam

148 3139 177 3196 in
200 3137 492 3212 ipsosPythagoreos
513 3145 662 3210 tamquam
685 3134 741 3194 suh
763 3149 955 3194 numerorum
977 3135 1308 3206 rerumucomathema-

147 3240 269 3298 tiearum
293 3239 561 3312 comparationibus
588 3235 735 3310 religiosis
762 3235 914 3306 latentem,
940 3250 1136 3309 peromnem
1162 3235 1221 3304 illis
1243 3235 1307 3293 lite-

147 3355 246 3398 rarum
268 3341 462 3400 humanarum
478 3338 650 3398 memoriam
665 3335 843 3410 uigentibus,
866 3337 921 3394 sed
936 3351 996 3396 non
1011 3343 1044 3397 ut
1058 3337 1135 3410 apud
1146 3336 1307 3394 lordonum

148 3441 279 3500 Brunum
307 3443 337 3500 iu
366 3442 418 3500 hac
446 3457 543 3500 rorum
572 3453 823 3510 numerorumque
850 3437 948 3510 inepta
975 3436 1193 3509 comparatione
1220 3436 1308 3506 plane

146 3541 373 3614 Pythagoricum
402 3543 489 3600 etiam
516 3542 594 3614 opud
618 3540 746 3598 Graecos
773 3539 840 3599 illos
866 3551 934 3594 eum
957 3533 1109 3594 dialectica
1132 3533 1306 3590 coniunctis.

149 3641 214 3696 Nan
247 3641 340 3698 enim.
360 3642 496 3700 dicebant
527 3639 701 3711 Pythagorei
735 3639 771 3696 de
805 3649 995 3695 numerorum
1028 3641 1176 3706 tamquam
1210 3650 1307 3703 rerum

148 3739 302 3816 principiis
329 3741 382 3798 sed
410 3741 447 3796 de
473 3738 563 3796 robus
589 3737 721 3796 numeris
749 3735 873 3809 singulis
900 3750 954 3809 pto
977 3748 1166 3797 numerorum
1185 3733 1306 3794 diverso

150 3856 259 3916 genero
285 3839 443 3900 similibus.
492 3837 699 3896 arithmeticae
731 3851 801 3897 raro
830 3835 1047 3912 philosophiae,
1080 3849 1158 3910 uuae
1190 3836 1217 3894 si
1244 3837 1305 3909 ipsa

150 3943 400 4018 Pythagoreorum
421 3940 536 4011 luisset,
560 3940 585 3998 si
607 3955 696 4013 porro
719 3937 837 4012 seriptis
859 3937 963 3998 tradita
986 3937 1099 4009 luisset,
1123 3945 1201 4006 certe
1221 3939 1307 4011 longa

152 4045 401 4119 Pythagoreorum
424 4041 501 4101 serie
524 4057 541 4099 a
563 4041 712 4100 veteribus
735 4039 882 4100 nominata
905 4038 1031 4098 diversis
1054 4037 1150 4097 roonis
1166 4037 1309 4110 explicata

148 4147 291 4219 ⁴varieque
318 4145 432 4206 exculta
459 4143 564 4204 fuisset
591 4157 646 4200 nec
674 4143 798 4203 eandem
824 4140 955 4214 exeeptis
982 4139 1072 4199 rebus
1094 4139 1225 4213 physicis
1247 4138 1308 4196 sin·

153 4247 304 4322 gularihns
330 4247 493 4306 doctrinam
520 4245 703 4316 eandemque
729 4241 855 4302 maxime
883 4241 1057 4307 senteutiam
1081 4238 1308 4312 metaphysicam

155 4348 293 4409 omnihus
308 4347 504 4422 ‚Pythagoreis
521 4345 656 4406 trihuere
671 4345 817 4418 potuisset
831 4343 1002 4412 Aristoteles
1017 4341 1158 4415 (Zellerl,
1172 4334 1306 4396 99.101.

157 4449 229 4521 loe,
252 4450 389 4522 manuue
411 4465 456 4522 ap.
476 4447 570 4520 Pauly
593 4445 802 4518 Reti-Eneycl.
828 4445 872 4516 Vl,
894 4461 921 4516 p·
938 4441 1017 4514 324)
1044 4473 1085 4484 -
1113 4438 1308 4514 arithmeticae

1068 4540 1109 4596 1*
