2954 5034
724 430 725 433 Ἴ
792 348 810 420 4

218 523 305 596 igitur
327 519 533 599 philosophiae
560 518 697 581 intentor
718 516 798 573 Plato
823 522 881 584 est,
907 495 1035 573 *maritare
1058 513 1088 570 in
1112 495 1248 583 Philebo,
1276 494 1383 570 attelae*

219 634 288 681 vero
312 623 544 696 supramodum
567 621 656 690 inque
679 616 798 681 nimiam
821 614 1011 673 subtilitatem
1028 630 1128 672 vcrsac
1145 613 1293 683 Platonici,
1312 628 1380 669 *me-

168 771 171 777 .
220 723 297 781 xime
321 707 655 796 Speusippus-‘Caeneus
672 717 774 790 (Arist.
791 717 872 774 Anal.
889 723 967 788 post.
987 718 1013 786 1,
1032 716 1080 776 tt.
1099 716 1133 772 cl.
1151 715 1233 787 [ling.
1244 715 1278 770 t.
1295 713 1380 783 aa)

224 825 286 895 alii,
316 825 352 882 ab
376 825 475 901 ⁴ipsius
502 819 631 880 Platonis
655 818 815 877 manifesta
842 810 936 876 ironia
963 817 991 874 in
1020 817 1178 889 Republica
1193 823 1234 872 ’61
1260 814 1380 871 Timaeo

115 943 117 946 ⁴
214 926 359 996 «ludentis,
382 924 411 981 in
427 922 555 995 Legibus
578 935 647 1001 vero
663 903 1381 992 61Ε61161111116163161616116-1611316666611116116

221 1026 268 1083 usi
290 1025 531 1098 ¹en'emplisxmale
554 1007 710 1081 intellectis
732 1020 863 1093 proiecti.
909 1019 1038 1087 Quorum
1068 1020 1230 1077 studiorum
1252 1017 1383 1076 Platoni-

222 1136 322 1184 corum
341 1140 596 1198 nummorumque
619 1121 768 1195 dignitatis
789 1120 920 1194 vestigia.
934 1120 1020 1188 etiam
1044 1120 1085 1177 in*
1098 1117 1383 1193 scriptorummadb

222 1241 323 1284 corum
346 1222 517 1303 collectione
541 1223 736 1284 Alexandrina
762 1238 838 1295 quae
860 1221 1043 1296 Hippocratis
1064 1222 1190 1279 nomine
1213 1220 1384 1294 signabatur

223 1326 271 1384 hie
296 1326 357 1384 illie
384 1326 508 1400 vestigia
539 1323 725 1399 reperiuntur
757 1323 808 1394 (el.
833 1323 919 1381 etiam
942 1323 1160 1397 Androcydem5
1185 1319 1383 1395 Chrysippum

177 1497 181 1504 ι
217 1426 464 1503 medicamen),
490 1427 682 1498 ‘maximeque
705 1425 735 1482 in
758 1425 833 1496 libro
847 1412 938 1482 tnune
955 1423 1044 1482 latine
1066 1409 1177 1482 tautum
1202 1431 1316 1480 servato
1344 1423 1383 1489 da

226 1529 392 1601 septenario
409 1528 646 1590 Philoninotu.¹
689 1528 765 1585 Sunt
798 1525 876 1583 enim
904 1526 977 1582 haee
1003 1538 1121 1598 qnoque
1149 1516 1256 1597 scripta
1283 1523 1385 1580 omnia

223 1628 367 1700 temporis¹
388 1639 577 1688 monumenta
596 1630 724 1687 Platone
735 1635 763 1685 61
778 1626 844 1699 ipso
859 1625 1014 1684 Aristotele
1029 1624 1202 1698 posterioris
1218 1640 1272 1682 nec
1288 1623 1385 1696 magis

225 1743 312 1800 quam
346 1729 524 1802 Pythagoras
557 1729 706 1786 Philolaus
737 1728 873 1784 Timaeus
905 1721 1045 1799 Archytas
1077 1732 1179 1783 auctor
1210 1725 1264 1783 luit
1287 1724 1406 1802 ‘ctiam
1440 1776 1443 1778 ,

225 1822 415 1900 Hippocrates
439 1830 566 1888 Socratis
589 1830 638 1887 ’1116
661 1837 690 1887 61
714 1829 867 1888 [1611661111
890 1827 1035 1900 aequalia,
1064 1827 1114 1900 qui
1138 1827 1217 1898 quod
1239 1834 1386 1889 testantur

226 1913 306 1987 Plato
334 1937 362 1986 61
389 1931 438 2002 qui
467 1945 527 1997 tanc
553 1939 666 1990 tantum
697 1932 762 1989 loco
791 1947 858 1988 eum
890 1930 1033 1987 memorat
1059 1925 1229 1986 Aristoteles
1256 1942 1386 2000 magnus
1441 1974 1442 1977 ,

227 2029 345 2110 quidem
373 2031 427 2088 fuit
452 2029 584 2091 medicus
611 2032 683 2089 nihil
711 2039 808 2090 tamen
838 2029 945 2102 scripto
971 2026 1096 2087 tradidit.
1142 2029 1184 2086 llll
1212 2028 1289 2085 eniens
1311 2018 1385 2085 libri

227 2138 255 2188 61
277 2130 335 2202 ipsi
357 2130 458 2212 optimi
481 2140 510 2190 et
533 2133 582 2206 qui
606 2149 623 2190 a
644 2132 792 2209 veteribus
816 2130 923 2189 criticis
946 2130 982 2188 in'
996 2130 1059 2187 1611
1074 2129 1257 2205 Hippocratis
1273 2143 1384 2185 nomen

226 2230 327 2289 selecti
349 2232 475 2304 fuerunt,
498 2220 577 2291 velut
598 2218 674 2291 liber.
687 2235 730 2295 -de
754 2233 848 2291 diaeta
870 2231 899 2288 in
922 2231 1034 2289 morbis
1055 2231 1149 2290 acutis
1169 2231 1205 2288 ab
1220 2230 1385 2302 appendice

140 2336 154 2399 J
226 2340 443 2404 quac-'vocatur
470 2341 538 2405 post
560 2333 688 2398 Platonis
716 2338 839 2392 aetatem
868 2333 974 2404 scripta
1002 2331 1123 2387 minime
1146 2331 1327 2401 separandus
1351 2341 1386 2390 ut

225 2433 289 2504 ipse
312 2431 687 2503 auctor-significatslicet
714 2433 770 2488 iarn
794 2431 863 2487 inde
886 2446 903 2487 a
926 2431 1035 2488 Galeno
1058 2445 1154 2501 usquc
1177 2431 1214 2486 ad
1236 2431 1385 2497 Ermeriu-

226 2533 303 2588 sium
326 2531 433 2589 criticis
456 2530 524 2588 buic
545 2531 618 2602 parti
646 2539 765 2604 propter
791 2531 939 2603 vulgarem
963 2532 1194 2607 haerentemque¹
1213 2531 1249 2600 de
1272 2531 1396 2608 Hippo--¹

220 2624 302 2690 61616
336 2639 433 2690 161616
466 2630 556 2691 totius
582 2631 654 2689 libri
682 2639 799 2690 auctore
828 2631 997 2705 opinionem
1021 2631 1261 2704 adversantibus,
1295 2633 1382 2692 cuius

138 2749 141 2754 ·
224 2741 321 2790 tanton
344 2740 446 2790 auctor
467 2733 630 2810 idemqui
645 2733 710 2792 libri
731 2735 770 2791 de
793 2748 859 2790 aere
882 2731 967 2804 aquis
989 2732 1077 2803 locis,
1101 2735 1136 2791 de
1160 2735 1262 2792 morbo
1286 2751 1381 2805 sacro,

225 2833 261 2888 de
284 2832 417 2915 fracturis
440 2834 474 2891 61
491 2833 633 2905 articulis,
658 2836 694 2892 de
716 2833 877 2908 glandulis,
902 2834 938 2890 de
961 2840 1063 2892 natura
1085 2835 1222 2905 hominis,
1246 2836 1381 2908 aliorum,

224 2928 387 3012 anatomiac
410 2934 541 3006 corporis
554 2935 683 2993 ¹humani
706 2950 767 2992 non
790 2946 910 3008 expers,
935 2936 1014 3006 quod
1037 2922 1069 2994 ut
1089 2938 1127 2995 de
1150 2945 1248 2995 161616
1268 2935 1380 3010 «11111116-

224 3041 301 3091 crate
323 3043 400 3092 rccte
423 3026 531 3108 negant
552 3035 710 3108 (Sprengel
725 3036 745 3105 l,
763 3033 834 3104 381,
858 3035 969 3093 Heckec
989 3038 1013 3108 1,
1028 3037 1113 3110 tat),
1138 3038 1163 3095 si
1187 3039 1222 3095 de
1238 3038 1380 3097 librorum

225 3133 492 3207 Hippocraticorum
515 3150 633 3209 quoquc
648 3136 825 3206 auctoribus,
836 3152 838 3156 ·
849 3145 1001 3210 praecepta
1016 3137 1065 3195 illa
1079 3148 1108 3196 61
1122 3140 1225 3199 tradita
1237 3141 1379 3213 opinione

222 3251 345 3308 prorsus
368 3237 507 3295 falluntur
529 3236 580 3308 (cl.
593 3235 856 3307 ipsumauctorem
873 3238 991 3296 libridc
1007 3241 1135 3299 aniculis
1152 3242 1182 3297 T.
1200 3242 1231 3298 ll.
1248 3258 1277 3314 p.
1292 3241 1377 3312 198),

222 3325 261 3411 ab
281 3338 398 3397 anctore
422 3354 489 3396 1616
515 3334 695 3410 prognostici
708 3337 870 3409 1111616116,
899 3340 1118 3400 diversissimus
1144 3343 1260 3400 tandem
1290 3350 1317 3400 61
1340 3343 1378 3400 ab

221 3447 339 3498 auctore
361 3440 426 3498 libri
450 3441 486 3498 de
510 3437 597 3500 veteri
622 3437 767 3494 medicina
793 3439 829 3496 de
852 3456 910 3513 quo
934 3456 1024 3514 agens
1047 3443 1197 3501 Ermerins
1218 3443 1377 3501 Littraeum

221 3546 298 3596 recte
321 3540 518 3598 1611116111-
538 3539 712 3603 referendus
735 3547 780 3597 est
796 3540 873 3598 enim
890 3533 965 3600 inter
979 3545 1199 3604 recentissimos
1216 3552 1244 3604 et
1258 3548 1378 3616 propter

133 3716 134 3719 Ἴ
221 3639 388 3697 universam
416 3640 545 3696 indolem
573 3646 602 3697 et
624 3642 702 3712 quod
735 3637 882 3700 auctorent
902 3643 1009 3716 ipsum
1037 3645 1177 3705 librorum
1212 3647 1248 3702 de
1270 3645 1377 3702 diaeta

219 3740 455 3812 philosophicum
479 3740 632 3799 manifesto
652 3750 804 3815 oppugnat
821 3775 868 3807 A-.-
896 3751 925 3800 61
950 3745 987 3800 ab
1014 3747 1257 3817 aphorismorum
1277 3745 1377 3823 idest

220 3840 430 3898 sententiarum
453 3857 469 3898 6
493 3841 616 3900 diversis
644 3843 823 3903 medicorum
853 3843 967 3915 scriptis
996 3859 1121 3916 quornm
1149 3845 1262 3917 perdita
1284 3848 1375 3906 multa

217 3939 282 4011 ipsa
308 3941 371 3998 iam
394 3943 584 4016 hippocratea
611 3944 699 4002 citant
727 3953 755 4001 61
782 3954 817 4001 ex
840 3945 926 4017 ipsis·
948 3946 1034 4010 etiarn
1058 3948 1107 4020 qui
1136 3962 1214 4004 ntrnc
1236 3948 1374 4022 leguntur

215 4039 425 4114 Hippocraticis
449 4043 660 4116 descriptarum
682 4059 737 4101 nac
756 4062 819 4102 raro
837 4046 892 4104 sibi
909 4048 1372 4122 contradicentium,compilatore

214 4140 480 4215 Alexandrinorum
495 4144 559 4200 ’1616
582 4144 679 4202 studia
701 4145 855 4220 referente,
880 4148 960 4230 sicut
970 4149 1037 4206 libri
1051 4161 1110 4207 non
1126 4150 1223 4211 minus
1235 4147 1370 4213 recentes

214 4243 263 4314 qui
292 4244 493 4304 inscribuntur
514 4240 655 4306 Κωακαί
677 4237 884 4327 προγνώσεις
907 4259 935 4310 61
958 4242 1188 4334 Προῤῥητικόν
1208 4244 1238 4315 α’
1261 4255 1366 4313 -illi

211 4341 299 4414 igitur
325 4345 388 4404 libri
417 4347 609 4419 Hippocratiei
638 4348 670 4420 in]
696 4350 1007 4421 priorumseotentiis
1031 4354 1210 4427 explicandis
1235 4355 1364 4414 61161-
