2954 5048
663 350 725 410 241)

115 519 334 592 multorumque
367 519 508 577 lihrorum
544 522 596 592 (de
619 520 726 593 quihus
741 526 817 592 'post
838 522 911 579 alios
934 523 1042 581 multos
1066 532 1114 581 aut
1137 527 1267 584 eiusdem

114 633 203 692 saepe
225 620 293 678 libri
315 620 412 679 varios
434 621 534 678 titulos
558 628 613 678 aad>
630 622 757 679 Thomas
773 623 918 680 Walensis
942 625 1033 682 libros
1056 624 1269 683 confundentes

113 721 280 781 accuratius
307 724 366 796 egit
388 724 539 798 Hyacinth.
564 722 701 780 Sharalea
721 723 873 795 supplem.
898 725 932 779 ad
957 724 1113 798 Wadding.
1135 724 1267 797 scriptor.

5 820 7 826 ’
113 820 298 881 Franciscan.
333 813 416 882 Rom.
441 823 524 884 1806
548 843 575 899 p.
592 821 757 883 427-31.
773 824 814 880 61.
832 825 946 881 Tanner
967 821 1076 896 11434
1091 842 1135 897 sq.
1153 819 1268 900 14966.

114 929 144 980 61
159 923 328 1005 1166166661
358 926 427 984 ihld.
451 928 541 999 prael.
565 943 593 999 p.
610 924 667 998 33.)
702 932 807 984 auctor·
834 925 990 1000 theologus
1025 928 1062 984 dc
1095 927 1206 984 Graeco
1238 936 1270 985 ut

114 1025 179 1098 ipse
205 1012 244 1082 ait
266 1027 435 1086 translatam
463 1028 491 1085 in
516 1028 651 1086 Latinum
679 1027 729 1099 (ol.
754 1027 840 1083 vitam
863 1027 942 1084 Arati
966 1020 1068 1085 eadem
1091 1035 1182 1086 aetate
1205 1044 1270 1086 ver-

116 1138 179 1184 sem
200 1128 280 1199 apud
302 1128 401 1186 lriarte
424 1129 497 1187 Bihl.
521 1129 631 1193 Matrit.
649 1129 733 1186 codd.
759 1129 805 1186 Gr.
823 1129 877 1200 lp.
895 1126 973 1201 241)
1006 1129 1269 1203 Compendiloquio

115 1243 171 1285 suo
194 1229 231 1286 de
254 1229 320 1289 vitis
343 1230 499 1289 illustrium
523 1232 766 1304 philosophormu
789 1239 896 1304 utpote
912 1247 1000 1303 quam
1015 1231 1126 1289 videret
1140 1231 1268 1289 amultis

114 1317 242 1402 ignorari
275 1331 419 1405 integram
452 1333 585 1391 inseruit.
609 1332 726 1391 ‘Nihilo
758 1340 855 1390 tamen
891 1333 989 1391 minus
1017 1341 1046 1391 et
1072 1334 1135 1391 sola
1162 1349 1269 1406 perse

115 1431 222 1505 scripta
243 1434 315 1491 haec
337 1433 435 1492 versio
458 1452 476 1492 a
497 1434 623 1495 librariis
647 1441 675 1492 61
698 1435 799 1492 seculo
821 1435 896 1492 Xlll.
910 1442 939 1492 et
960 1441 1064 1508 postea
1086 1436 1173 1493 etiam
1195 1435 1269 1493 lere·

114 1534 208 1605 batur,
232 1534 309 1592 sicut
330 1543 360 1593 ct
381 1535 446 1608 ipsa
467 1537 572 1608 prohat
593 1537 681 1594 editio
704 1536 853 1594 Nunnesii‘
870 1543 899 1594 et
913 1536 985 1594 illud
1001 1537 1080 1609 qarod
1095 1549 1156 1594 non
1172 1537 1268 1595 solum

114 1630 231 1693 codem?
245 1637 345 1695 seculo
371 1636 493 1695 loannis
526 1638 656 1710 aeqrrelis
691 1638 796 1695 merito
809 1659 815 1703 χ
828 1637 1009 1695 clarissimus
1036 1632 1170 1711 hogerus
1193 1639 1270 1696 Baco

115 1732 238 1798 eandem
272 1739 341 1812 legit
375 1738 553 1813 saepiusque
587 1739 655 1797 citat
680 1739 767 1798 vitem
795 1739 960 1798 Aristotelis
993 1740 1044 1811 (cl.
1069 1740 1151 1813 Opus
1173 1741 1269 1798 maius

115 1840 161 1898 ed.
184 1839 266 1898 lehh.
290 1857 319 1914 p.
336 1839 386 1913 11,
410 1839 452 1901 36
475 1839 598 1914 61477,
634 1838 746 1900 sede
781 1840 910 1899 veritatis
936 1858 1038 1901 arnone
1067 1858 1126 1902 sec.
1160 1824 1270 1900 dictum

112 1942 243 2002 Platonis
265 1945 473 2017 praeceptoris
488 1944 614 2002 amicitia
636 1944 758 2014 maiore,
780 1943 817 2001 de
839 1942 994 2001 Aristotele
1016 1960 1070 2017 per
1091 1952 1272 2002 taes'annos

114 2044 243 2103 Socratis
266 2044 411 2117 discipulo
433 2047 568 2119 vitaeque
591 2046 655 2103 eius
678 2044 764 2102 annis
787 2051 815 2101 et
837 2044 916 2100 mille
942 2045 1024 2102 lihris
1046 2047 1144 2116 deque
1165 2043 1271 2101 itinere

113 2135 241 2204 Asiatico
275 2144 374 2217 „sieut
406 2146 437 2203 in
470 2147 528 2204 vita
561 2145 725 2204 Aristotelis
758 2143 879 2216 legitur'
906 2175 947 2183 -
978 2152 1034 2215 „nt
1050 2145 1090 2201 in
1120 2144 1184 2202 eius
1199 2145 1268 2202 rita
1344 2149 1346 2152 ’

112 2246 235 2322 legitur’'
256 2244 343 2318 616),
371 2247 424 2305 sed
454 2247 539 2325 ctiam
568 2254 671 2320 quarto
695 2246 809 2305 decimo
830 2245 952 2303 loannis
973 2246 1055 2303 llnns
1071 2246 1160 2306 'scoti
1179 2246 1269 2304 disci·

112 2350 201 2423 pulos
235 2350 287 2422 (cl.
315 2349 461 2422 Wadding
486 2349 560 2406 Anu.
590 2349 668 2407 min.
688 2350 719 2406 Τ.
740 2349 776 2406 Vl
802 2365 830 2421 p.
848 2344 920 2407 137.
944 2349 1059 2407 Tanner
1082 2366 1109 2421 p.
1127 2346 1189 2405 141
1206 2347 1268 2420 sq.)

112 2451 286 2509 waltherus·
303 2444 419 2533 Burley‚
444 2451 575 2524 quinon
593 2451 711 2523 primus
739 2452 894 2510 ut'volunt
920 2459 1020 2510 auctor
1042 2450 1182 2509 historiae
1204 2450 1269 2523 phi·

112 2553 304 2626 losophorum
328 2555 382 2610 sed
396 2538 468 2612 ⁴aeri
490 2554 693 2627 praecedentis
721 2560 855 2612 auctores
879 2553 1055 2612 Guilelmnm
1077 2559 1106 2610 61
1127 2552 1268 2611 loannem

112 2655 252 2727 anglicos
275 2661 395 2713 secutus
410 2643 521 2713 tardus
545 2655 624 2728 quod
647 2655 756 2728 seiam·
772 2657 798 2714 si
821 2655 939 2728 quidem
962 2669 1022 2711 non
1038 2655 1135 2711 solum
1149 2655 1267 2712 hrcrcm

112 2755 195 2814 illum
217 2759 383 2831 neglexeris
406 2760 443 2817 de
466 2757 587 2815 historia
609 2756 814 2830 philosophiae
842 2762 1034 2829 conspectum
1062 2755 1112 2829 qui
1139 2763 1168 2814 ct
1190 2755 1268 2828 apud

111 2858 253 2916 loannem
277 2859 545 2917 Sarcsheriensem,
564 2857 672 2930 legitur
693 2858 723 2914 in
746 2858 924 2931 polycratico
948 2853 995 2930 (7,
1010 2855 1095 2916 4-6
1118 2859 1163 2915 61.
1188 2857 1269 2915 Giles

113 2958 207 3017 Oxon.
231 2955 317 3019 1848
336 2960 398 3017 Vol.
414 2960 450 3018 lV
472 2977 500 3032 p.
517 2957 674 3018 91-101.
696 2960 842 3017 rhetiam
865 2952 1051 3018 Entheticum
1066 2959 1214 3032 eiusdem)
1228 2966 1269 3031 ,61

92 3038 142 3118 ‘in
164 3061 272 3136 Rogeri
294 3061 420 3121 Baconis
443 3061 539 3135 Opere
562 3061 671 3119 maiore
684 3058 882 3135 (pat-37)
905 3061 959 3120 sed
980 3063 1066 3120 etiam
1084 3061 1268 3120 vincentium

113 3163 351 3222 Bellovacensem
375 3164 424 3237 qui
448 3164 478 3222 in
502 3165 628 3238 Speculo
651 3165 793 3224 historiali
821 3164 951 3238 reliquae
974 3165 1115 3223 historiae
1137 3162 1269 3220 studiose

113 3263 269 3323 admiscuit
301 3272 454 3338 poetarum
489 3275 522 3325 et.
542 3268 785 3341 philosophorum
819 3268 893 3324 ritas
920 3275 948 3325 et
975 3265 1137 3323 sententias
1163 3265 1267 3320 eodem

112 3367 198 3440 plane
221 3367 308 3424 modo
332 3368 479 3440 collectas,
503 3401 543 3409 -
566 3369 613 3427 hic
636 3369 724 3440 igitur
734 3367 898 3426 Aristotelis
921 3382 1043 3439 operum
1060 3367 1121 3422 fere
1136 3363 1266 3422 omnium

113 3454 325 3526 contnrentator
357 3469 408 3539 (61.
441 3447 551 3527 Leland
586 3467 769 3547 Collectanea
802 3469 838 3526 de
870 3469 961 3527 rebus
987 3456 1161 3525 Britannicis
1185 3466 1268 3548 ’1.111
1293 3537 1295 3540 Υ

113 3587 140 3643 p.
158 3565 209 3627 11.
226 3566 276 3625 22.
294 3566 345 3624 24.
363 3565 413 3625 64.
427 3565 477 3626 65.
494 3567 604 3626 Fahric.
621 3569 642 3640 Ι,
654 3566 744 3642 839),
761 3570 871 3630 florens
887 3579 984 3629 autem
997 3571 1053 3629 suh
1066 3583 1135 3642 rege
1147 3566 1268 3641 Anglia‘e

113 3670 255 3730 Eduardo
282 3652 367 3727 tertio
395 3668 567 3742 amicusque
589 3670 724 3729 Richardi
753 3673 789 3729 de
812 3671 880 3738 Buri
907 3673 1037 3746 episcopi
1062 3669 1268 3729 dunelmensis

113 3771 267 3831 Philohihli
290 3769 419 3829 auctoris
448 3779 476 3828 et
502 3771 695 3832 bibliothecae
719 3774 898 3832 Oxoniensis
925 3774 1085 3833 conditoris
1112 3766 1267 3854 clarissimi
1310 3790 1332 3852 j
1415 3800 1416 3803 ¹

114 3874 350 3946 Graecarumque
383 3871 542 3930 litterarum
577 3873 698 3931 mutoris
716 3876 782 3946 -('cl.
811 3876 964 3934 Philohihl.
994 3891 1018 3934 6.
1041 3874 1082 3936 10
1104 3877 1172 3935 6611.
1200 3886 1268 3950 post

85 4055 87 4059 .
115 3973 245 4032 Goldasti
272 3975 414 4050 Philolog.
443 3973 557 4048 epistol.
586 3977 746 4034 centuriam
776 3977 827 4034 ed.
856 3978 904 4034 alt.
933 3970 1018 4052 lips.
1043 3975 1266 4052 latapetra.

114 4077 149 4134 61.
178 4076 216 4134 de
242 4077 324 4134 libris
358 4077 537 4137 einsaulae
572 4078 664 4136 Oxon.
696 4076 928 4162 1666116619
951 4077 1145 4152 puae-‘aa
1172 4080 1267 4150 deque

113 4177 255 4235 librorum
277 4192 376 4236 amore
400 4181 573 4250 „ecstatico”
594 4182 707 4253 prolog.
731 4198 758 4253 p.
772 4178 844 4239 406.
868 4187 1001 4239 mortuns
1018 4182 1120 4239 hicest
1133 4196 1158 4236 a.
1172 4177 1267 4250 1346,
1288 4232 1291 4236 ,

56 4302 60 4304 >
113 4272 260 4336 Barlaeusv
284 4287 380 4337 autem
407 4281 464 4339 vite
493 4283 659 4342 decessisse
688 4284 802 4342 videtur
823 4283 869 4341 rel
892 4283 1009 4356 aliquot
1023 4283 1206 4356 ann-ispost,
1230 4284 1266 4340 61.

113 4379 374 4452 1666666142
403 4382 521 4456 scripsit
549 4385 627 4443 enim
655 4400 758 4441 comm.
784 4376 817 4439 'in
842 4384 859 4440 l.
885 4384 1117 4443 perihermenias
1147 4392 1181 4442 ut
1204 4385 1268 4458 ipse
