2954 5034
720 300 834 387 ‘ec

237 491 330 555 1849.
354 513 381 569 p.
399 493 518 570 eausa
542 493 621 569 305)
655 495 817 557 doctrinam
851 495 888 556 de
915 494 1047 557 numeris
1075 493 1272 566 dialecticam,
1307 494 1336 552 id
1354 501 1397 552 el

237 584 350 669 Legum·
382 606 554 671 argumento
571 658 572 661 ,
592 597 686 656 ultimi
715 597 814 670 operis
842 604 986 669 repugnat
1023 602 1052 654 et
1084 592 1203 658 nititur.
1223 595 1395 654 conlectura

237 697 461 758 exAristoteiis
495 699 660 759 Platonicae
693 698 846 761 doctrinae
873 696 1281 782 ¹secundumidiscipuiorum
1305 699 1396 765 ratioe

235 813 291 858 -ues
308 832 309 837 κ
325 801 510 876 enarratione
546 800 635 874 petita
672 806 897 872 ceterorumque
934 797 1151 858 Platonicorum
1183 798 1266 857 libris
1298 799 1396 859 Plato-

237 898 284 966 nis
311 898 447 963 idearum
480 902 642 963 doctrinam
680 901 805 974 proprio
837 916 952 973 sueque
988 907 1097 958 conatu
1129 899 1395 971 demonstrantium
1443 892 1444 899 '

237 1000 421 1076 dialogisque
442 1005 508 1064 eius
525 1005 607 1076 quasi
625 991 796 1085 ἀγράφους
811 993 988 1074 συνουσίας
1002 999 1212 1073 exponentium
1226 1000 1341 1067 iirmata
1354 1035 1396 1054 ,η

237 1102 310 1160 nihil
326 1150 328 1154 ,
345 1105 422 1163 enirn
443 1106 479 1162 in
492 1148 494 1151 .
508 1106 583 1162 hane
612 1120 674 1162 rem
701 1104 770 1164 iacit
796 1105 872 1162 male
900 1104 1045 1167 intellecta
1059 1101 1206 1162 narrabo
1226 1101 1395 1171 Aristoxeni

236 1203 335 1260 ilarm.
352 1205 385 1276 ll,
410 1223 437 1278 p.
454 1203 495 1265 31
519 1205 603 1272 hleib.
633 1207 669 1264 de
697 1205 850 1278 discipulis
876 1205 1076 1279 metaphysica
1098 1203 1227 1262 Platonis
1255 1204 1292 1261 de
1312 1204 1395 1267 vbene

238 1303 387 1362 doctrinae
414 1306 450 1364 ab
473 1307 567 1366 ethica
580 1323 625 1367 „ea
647 1323 735 1379 quam
763 1307 823 1364 lere
846 1286 1087 1378 exspectaverant
1113 1304 1288 1373 remotioris·
1303 1306 1396 1370 subli-

239 1403 337 1463 mitate
370 1407 530 1480 perculsis,
562 1407 735 1481 praesertim
770 1423 875 1482 quum
893 1408 971 1466 idem
1000 1408 1064 1480 ipse
1085 1407 1174 1466 Plato
1203 1407 1239 1464 dc
1262 1405 1395 1468 idearum

237 1506 370 1566 doctrina
393 1507 659 1573 dicatsPhileb.15
682 1517 754 1569 extr.
795 1509 882 1575 ¹Nulla
910 1507 1080 1582 igiturluit
1102 1507 1233 1565 Platonis
1260 1506 1394 1570 doctrina

234 1616 438 1680 praeteream
461 1626 547 1684 quae
559 1612 705 1671 omnibus¹
720 1612 803 1671 libris
826 1619 925 1685 aperte
947 1610 1052 1671 tradita
1075 1616 1120 1671 est
1134 1617 1162 1668 et
1176 1615 1321 1683 perpetua
1334 1609 1395 1674 lere

237 1725 355 1783 unaque
378 1712 698 1778 continetururatione
720 1715 758 1772 ad
773 1714 905 1772 idearum
920 1711 1008 1771 tidem
1021 1703 1231 1777 exhortatoria
1258 1710 1396 1775 Ceterum

230 1809 275 1865 dc
297 1809 426 1879 Platonis
449 1813 632 1887 dialogorum
650 1815 825 1874 auctoritate
847 1813 988 1877 iudicium
1012 1828 1048 1870 eo
1070 1811 1197 1871 maxime
1220 1811 1398 1888 dilsrcileest

238 1911 316 1982 quod
340 1928 431 1984 quum
454 1922 484 1973 et
505 1917 686 1985 Menexenus
709 1925 737 1975 et
758 1915 880 1989 hippias
906 1915 1002 1972 minor
1028 1913 1107 1979 satis·
1124 1913 1197 1973 ieris
1219 1913 1304 1986 pretii
1327 1914 1395 1972 libri

238 2042 279 2075 -,
299 2021 371 2072 sunt
393 2015 471 2073 enirn
495 2018 621 2076 rhetoris
649 2017 743 2091 magis
765 2016 894 2076 Platonis
922 2015 1029 2089 dialogi
1052 2031 1139 2088 quarn
1162 2015 1329 2088 philosophi
1354 2048 1395 2056 -
1460 2080 1462 2083 v

236 2113 402 2173 Aristotelis
427 2117 599 2177 auctoritate
625 2120 679 2177 tuti
699 2135 774 2178 vesse
800 2118 1012 2191 intelligantur,
1039 2132 1115 2188 quae
1143 2116 1262 2188 quidem
1291 2118 1396 2174 eadem

229 2217 335 2279 manet
356 2218 513 2277 auctoritas
540 2219 654 2281 etiamsi
682 2217 1091 2294 quartusfhletaphysieorum
1119 2218 1199 2276 liber
1216 2233 1284 2281 nunv
1299 2217 1396 2290 ipsius

237 2315 282 2374 sit
301 2315 466 2379 Aristotelis
500 2322 552 2378 sed
586 2321 769 2394 Peripatetici
804 2321 972 2379 cuiusdam·
992 2318 1100 2383 ueteris
1136 2318 1272 2390 (Arabica
1295 2321 1395 2380 versio

232 2435 325 2492 ,quam
363 2419 498 2492 sequitur
530 2420 676 2479 Averroes
711 2421 834 2494 Hippiae
867 2436 976 2488 nomeu
1002 2419 1130 2486 omnino
1164 2421 1396 2495 praetermittit),

236 2518 387 2583 latissimis
404 2521 543 2578 ‚terminis
565 2522 681 2581 sicum
703 2523 761 2606 illis
784 2524 903 2581 uitinros
916 2523 1017 2580 libros
1033 2521 1249 2593 comparaveris
1263 2522 1402 2592 Platonis,

166 2602 168 2607 ⁵
236 2620 397 2692 scriptione
419 2622 536 2685 delinita
560 2623 675 2685 eriteria
697 2625 758 2686 iere
782 2631 970 2687 evanescunt.
992 2623 1109 2695 ,Neque
1130 2622 1209 2681 enim
1231 2624 1288 2681 ulia
1303 2639 1407 2700 causa,

237 2724 352 2783 videtur
373 2740 428 2782 eur
448 2741 518 2798 nen,
536 2725 567 2787 :si
591 2725 721 2799 Hippias,
744 2727 830 2786 etiam
854 2726 1019 2797 Alcibiades
1031 2724 1054 2781 ll
1077 2732 1105 2783 et
1120 2725 1252 2801 'lheagcs
1264 2726 1394 2799 (deque

184 2827 198 2849 Χ
237 2824 309 2882 nibil
341 2825 453 2884 dubitat
480 2827 599 2902 Dionys,
623 2829 661 2886 H,
674 2830 706 2900 V,
723 2825 798 2889 405,
824 2828 919 2886 Albin.
937 2843 961 2884 e.
978 2823 1022 2898 5)-
1038 2826 1186 2898 ceterique
1213 2826 1287 2899 adeo
1315 2843 1394 2899 quos

237 2936 394 2985 recensent
420 2929 591 3004 Thrasyllus
618 2938 647 2989 et
672 2930 853 3010 Dercyllides
881 2928 1099 3002 tetralogierum
1122 2935 1257 2995 auctores
1279 2927 1392 3000 (Albin.

236 3029 343 3089 intrud.
367 3046 392 3087 e.
410 3027 444 3101 6)
473 3062 514 3071 -
536 3029 608 3091 nihil
636 3031 719 3088 enim.
742 3030 907 3104 impediunt
923 3030 1091 3101 sententiae
1112 3029 1186 3102 ipsis
1210 3031 1271 3089 iero
1293 3035 1395 3093 verbis

238 3129 390 3202 repetitae,
419 3132 497 3204 quod
525 3131 751 3192 omniuaslere
778 3133 946 3191 rhetoribus
969 3146 1126 3191 commune
1149 3138 1206 3203 est,
1240 3134 1279 3195 es,
1301 3136 1391 3195 isoer.

228 3233 283 3293 aad.
297 3232 419 3305 Philipp.
432 3230 474 3292 81
487 3249 531 3305 sq.
548 3241 577 3291 et
589 3248 618 3290 e.
631 3248 674 3306 gr.
686 3234 777 3304 isaer.
791 3234 899 3293 Nicoci.
913 3231 995 3294 5-9
1010 3256 1045 3313 τ-
1060 3253 1097 3301 re.
1111 3221 1217 3299 dated.
1231 3233 1392 3309 asama,

225 3334 273 3392 ci.
297 3336 438 3409 Panegyr.
459 3333 601 3416 47—493
639 3336 771 3408 Xenoph.
796 3337 915 3394 Memor.
931 3335 965 3407 4,
986 3332 1122 3408 &it-*8
1136 3358 1171 3385 =
1188 3336 1270 3409 Apol.
1296 3338 1391 3402 2-9.

236 3438 273 3495 ci.
297 3439 334 3496 de
356 3437 537 3511 Antiphonte
558 3437 695 3510 Spengel.
716 3436 778 3494 Art.
803 3435 1239 3507 scr.109,deilemosthenc
1262 3439 1406 3513 westan

237 3557 326 3598 mann
349 3540 403 3607 Qu.
429 3539 576 3599 bemestb.
601 3556 628 3612 p.
645 3534 718 3597 145.
736 3537 797 3605 159
822 3538 982 3624 etomninu
998 3555 1026 3612 p.
1043 3536 1222 3611 tea—tus,
1239 3549 1268 3600 et
1283 3541 1393 3617 inipso

236 3642 356 3700 Platone
380 3640 489 3699 Criton.
505 3639 712 3723 43=1naaa
730 3638 781 3711 58,
805 3639 926 3713 Apulog.
944 3637 984 3698 tu
1009 3642 1130 3713 (Theag.
1143 3639 1390 3719 is28t=Pretag
1414 3669 1417 3673 ¹

237 3739 370 3802 aloem
394 3774 435 3784 -
458 3743 514 3801 iarn
537 3744 647 3816 primis·
662 3740 871 3800 Alexandrinis
890 3749 957 3798 ante
980 3741 1203 3813 Aristophanem
1226 3744 1321 3814 (quod
1337 3747 1393 3805 hli-

237 3844 303 3903 neis
325 3844 438 3904 notitia
449 3847 572 3920 probat),
591 3845 666 3917 ‘nuti
682 3860 791 3903 omnes.
811 3857 865 3917 pro
893 3842 971 3900 veris
993 3850 1038 3927 et,
1054 3841 1191 3916 genuinis
1217 3844 1391 3920 habeantur,

236 3947 405 4019 praesertim
431 3963 520 4020 quum
544 3946 673 4005 Platonis
696 3946 788 4003 libros
815 3943 967 4016 utputein
991 3930 1048 4001 hae
1065 3959 1100 4008 re
1123 3951 1152 4001 et
1173 3945 1208 4002 ab
1231 3946 1393 4024 llippfflocra-
1438 4003 1441 4005 .

235 4048 291 4107 teis
313 4049 564 4123 Democrileisque
587 4055 654 4105 ante
677 4045 890 4104 Alexandrinos
906 4061 937 4102 a.
951 4045 1052 4118 paucis
1070 4051 1197 4104 tantum
1211 4047 1295 4106 lectis
1311 4057 1340 4107 et
1354 4052 1392 4110 ab

234 4151 591 4211 Aristotelicisdiversus
607 4147 754 4214 continuis
778 4148 838 4221 sere
860 4147 1075 4209 Platonicorum
1099 4150 1149 4222 qui
1172 4149 1257 4223 primi
1274 4151 1393 4211 luerunt

226 4255 419 4326 expositores
454 4253 522 4314 lieet
557 4249 758 4319 mathematica
790 4249 916 4313 rrraxime
944 4256 1120 4323 quaerentes
1148 4251 1336 4326 Reipublicae
1364 4263 1394 4314 ct

235 4356 342 4415 'timaei
367 4370 461 4428 arsque
484 4353 520 4410 ad
543 4350 757 4413 Alexandrinus
779 4361 808 4412 et
829 4354 1062 4419 ‘Eratosthenem
1076 4353 1199 4413 alterum
1222 4355 1304 4429 illurn
1325 4356 1393 4423 Pia-
