2992 5032
760 284 822 366 136

173 553 175 556 ¹
212 471 261 554 (cl.
285 475 416 534 Nunues.
445 475 482 533 de
504 471 603 533 studio
630 471 798 545 philosoph.
833 469 1260 549 15551.1151.16215.78),
1296 488 1375 546 quae

212 577 332 652 quidem
355 575 552 650 disputatione
576 573 776 649 metaphysica
799 573 891 631 luisse
914 572 1082 631 continuata
1104 581 1133 633 et
1154 575 1288 648 ipsorum
1304 575 1374 633 finis

213 679 340 749 declaret
363 681 399 738 de
421 676 573 751 principiis
598 685 626 734 et
648 682 746 734 mente
768 682 918 757 tamquam
940 675 1054 733 criterio
1072 676 1276 748 quaestionem
1288 693 1375 750 prae-

214 798 321 862 parans
345 777 410 858 (An.
426 777 610 853 5551219)
635 786 664 836 51
685 777 844 851 hletaphys.
869 778 1012 835 librorum
1035 777 1150 836 initium
1168 774 1374 857 (1,1)55’(15555

214 884 349 956 1555555
372 881 590 941 introductione
613 887 760 953 repetens
784 880 982 953 materiaeque
1006 878 1125 939 omnino
1143 880 1376 955 similitudoque

214 993 247 1043 ut
270 987 306 1060 de
330 985 493 1044 substantia
517 984 555 1041 ita
579 985 615 1041 de
638 983 845 1056 cognoscenda
868 998 901 1039 55
925 989 953 1041 51
968 981 1166 1056 cognoscendi
1183 984 1374 1042 fundamento

215 1085 277 1159 11115.
294 1087 342 1160 111)
366 1095 398 1144 51
418 1085 569 1159 principiis
593 1084 782 1159 syllogisticis
796 1084 903 1156 quihus
916 1085 1006 1143 utitur
1018 1085 1238 1144 demonstrandi
1252 1085 1375 1144 scientia
1399 1106 1401 1109 ’

214 1185 261 1263 (51.
279 1186 309 1258 3,
325 1186 357 1264 3)
382 1195 568 1262 ,quaerentes
602 1186 748 1257 inceptam
782 1187 811 1245 in
834 1187 994 1261 Analyticis
1021 1186 1126 1244 iisdem
1160 1187 1218 1244 iam
1240 1188 1374 1246 terminis

216 1290 426 1364 metaphysicis
450 1281 500 1366 (τὸ
521 1282 553 1348 τὶ
574 1274 614 1370 ἦν
627 1273 714 1348 εἶναι
727 1287 794 1364 515.)
819 1288 968 1347 utentibus
991 1289 1028 1346 de
1051 1288 1375 1356 555115515515155111555

215 1390 420 1462 quaestionem
450 1390 615 1466 (Α55.5551,
640 1389 797 1469 2,(1555.)
832 1389 1002 1464 perficiunt,
1037 1390 1067 1447 id
1094 1392 1174 1463 quod
1206 1390 1270 1464 ipse
1305 1391 1376 1450 dicit

215 1481 473 1575 1151112155)
499 1483 578 1554 ὅσον
601 1526 641 1533 -
663 1486 708 1574 515)
733 1482 884 1575 εἴρηται).
929 1491 1062 1550 Attamen
1093 1491 1394 1565 5155155555555515.>

215 1595 357 1652 librorum
380 1597 398 1653 1.
424 1613 449 1655 5.
473 1596 636 1671 logicorum
660 1613 727 1653 cnm
748 1595 876 1670 politicis
899 1611 1009 1653 nexum
1033 1602 1148 1668 spectas
1171 1594 1280 1653 mutuis
1304 1595 1375 1652 5115-
1399 1606 1400 1611 ’

215 1697 346 1756 tionibus
370 1699 582 1772 corilirmatum,
606 1699 805 1773 metaphysica
827 1712 897 1754 vero
922 1712 988 1752 cunt
1004 1696 1076 1754 55115
1090 1696 1220 1770 physicis
1237 1697 1376 1770 hequen-

216 1799 348 1857 tiorihus¹
364 1801 552 1860 citationibus
577 1800 715 1873 coniungi
738 1799 835 1872 iisque
850 1799 901 1871 qni
918 1799 1022 1856 eodem
1038 1798 1098 1855 fere
1113 1805 1245 1872 ternpore
1258 1799 1374 1872 utrique

215 1900 297 1974 55551
333 1903 489 1969 scribendo
524 1919 556 1960 55
591 1903 709 1960 dedisse
736 1900 920 1959 Aristotelem
954 1901 1124 1971 ostendant,
1158 1901 1214 1958 iam
1250 1917 1374 1974 5555555

215 2003 412 2062 coniecturam
447 2005 527 2062 illam
561 2021 597 2061 cx
625 2002 841 2084 Analyticorum
874 2003 932 2061 line
966 2010 1063 2061 natam
1097 2018 1153 2060 nec
1183 2002 1273 2060 libros
1299 2002 1373 2061 15155

215 2106 440 2179 studiorumque
470 2107 576 2165 seriem
603 2105 784 2179 interpositis
807 2105 1013 2180 hletaphysieis
1041 2106 1117 2163 male
1140 2104 1269 2188 dirimes.
1315 2105 1374 2163 Nec
1413 2131 1417 2137 ·

214 2209 308 2281 magis
331 2216 428 2266 tamen
452 2208 540 2266 cedas
563 2216 694 2267 veterum
717 2208 822 2267 rationi
840 2209 890 2282 qui
902 2208 1038 2267 intimum
1050 2208 1131 2265 illum
1144 2207 1333 2282 physicorum
1346 2215 1374 2266 51
1431 2238 1432 2241 ¹

185 2315 187 2320 '
214 2311 483 2384 rnetaphysioorum
518 2312 684 2369 studiorum
717 2326 826 2370 nexum
852 2312 929 2368 hene
951 2309 1164 2382 perspicientes
1186 2317 1253 2381 post
1279 2310 1373 2382 logica

213 2411 335 2484 physica
358 2411 559 2483 metaphysica
581 2427 660 2469 nunc
682 2412 801 2468 demum
824 2412 918 2470 ethica
942 2411 1026 2484 semri
1049 2417 1223 2482 statuerent,
1247 2427 1372 2484 quorum
1416 2430 1421 2440 ’

215 2510 389 2568 senteutiam
413 2509 523 2569 Arabes
547 2512 634 2570 etiam
660 2510 818 2571 tuebantur
845 2509 893 2589 (cl.
918 2511 1199 2586 1155-5115115555.
1222 2512 1374 2588 Hottinger
1462 2517 1464 2521 '

213 2611 284 2670 oiol.
310 2612 423 2671 orient.¹
437 2630 466 2686 p.
487 2612 558 2673 220.
588 2615 633 2672 id„
658 2630 702 2687 ap.
726 2615 854 2673 Hadsohi
877 2612 1078 2687 1115511.3,96
1102 2617 1147 2673 ed.
1172 2616 1252 2688 Flllg.
1276 2624 1306 2674 et
1326 2633 1392 2690 ap.¹

214 2714 539 2789 ltschemal-ed-dinum
568 2716 659 2775 Casiri
682 2715 711 2790 1,
732 2713 817 2795 306).
874 2718 904 2776 Si
937 2717 1024 2791 igitur
1063 2723 1295 2775 consentaneum
1328 2726 1374 2777 est

166 2850 170 2856 -
214 2816 380 2874 Aristotelis
404 2819 602 2894 hletaphysica
626 2806 714 2879 inter
732 2807 825 2893 prima
854 2820 918 2879 eius
935 2833 1035 2892 opera
1057 2821 1206 2878 censenda
1229 2834 1297 2878 esse
1319 2835 1374 2878 neo

214 2918 308 2991 magis
332 2919 427 2991 sequi
439 2926 530 2994 posse
557 2928 625 2994 post
651 2923 780 2997 physica
796 2939 883 2996 quarn
907 2928 974 2996 post
995 2922 1125 2980 Platonis
1147 2921 1297 2981 Timaeum
1320 2923 1373 2980 So·

214 3020 310 3092 phista
334 3028 383 3081 aut
405 3022 514 3096 Logica
535 3023 648 3099 Hegelii
671 3030 740 3096 pust
761 3023 980 3097 Philosophiam
1003 3024 1180 3096 naturalem,
1206 3031 1284 3083 certe
1306 3030 1374 3080 ante

213 3121 296 3180 zoica
318 3123 425 3182 editam
449 3124 542 3183 luisse
564 3125 688 3198 primam
711 3127 928 3199 philosophiam
950 3123 1119 3182 testimonio
1144 3132 1189 3183 est
1211 3106 1373 3202 locuslilt'ri

215 3227 251 3283 de
274 3234 355 3289 motu
379 3226 583 3298 animated,
607 3228 713 3286 551555
736 3227 784 3284 1115
807 3242 866 3299 quo
882 3225 1148 3299 metaphysicorurn
1164 3238 1224 3284 non
1241 3226 1374 3285 doctrina

213 3329 309 3410 solum
334 3330 388 3407 sed
410 3330 485 3389 liber
507 3345 608 3388 revera
632 3328 748 3386 citatur:
773 3329 856 3386 cuius
880 3327 945 3385 111551
969 3327 1104 3401 quisquis
1128 3335 1172 3386 est
1194 3335 1296 3387 auctor
1310 3344 1372 3386 me·

212 3419 364 3506 taphysica
396 3432 551 3506 disciplina
586 3432 750 3490 secundnm
781 3429 988 3503 Peripateticos
1021 3431 1192 3503 praeparari.
1220 3431 1372 3505 physicam
1457 3438 1459 3441 ·

214 3533 343 3590 ostendit
365 3534 527 3607 eademque
550 3534 662 3592 ratione
692 3536 728 3593 ab
751 3535 816 3608 ipso
846 3532 931 3591 etiam
959 3533 1100 3607 magistro
1128 3540 1232 3607 postea
1253 3542 1373 3593 tractata

214 3646 282 3693 esse
304 3634 427 3705 physica
448 3636 614 3707 persuadet.
662 3635 755 3702 Quam
778 3636 944 3695 citationem
967 3636 992 3694 si
1022 3652 1088 3695 cum
1110 3636 1249 3695 Krischio
1268 3639 1371 3696 credas

154 3726 156 3729 ’
212 3738 316 3804 postea
350 3748 418 3791 esse
446 3737 573 3796 additam
601 3770 641 3778 -
669 3737 737 3797 licet
766 3753 804 3795 ne
832 3736 875 3794 sic
903 3737 1021 3810 quidem
1048 3739 1092 3797 vis
1119 3738 1183 3797 eius
1213 3745 1370 3797 evertatur:

214 3839 354 3905 sequetur
377 3836 454 3894 enirn
478 3841 529 3911 qni
552 3855 616 3897 cam
638 3839 903 3913 Alexandrinorum
925 3842 1057 3914 priorum
1078 3847 1172 3899 aetate
1195 3857 1254 3899 non
1270 3856 1372 3899 555555-

212 3934 270 3992 1155
292 3935 449 4008 adscripsit
471 3942 671 4000 auctoritatem
694 3943 1372 4016 Δ15151515115--15555(515555155555555515555555

214 4036 384 4096 citationum
412 4046 524 4111 partem
552 4042 588 4097 ab
611 4043 766 4101 Aristotele
794 4060 861 4103 esse
888 4048 1047 4119 prolectam
1076 4053 1105 4104 et
1131 4053 1252 4119 propter
1278 4046 1372 4119 ipsam

213 4139 325 4213 passim
347 4141 488 4198 enuntiati
512 4148 645 4198 naturam
669 4151 697 4201 51
719 4155 838 4219 propter
860 4163 1046 4206 communem
1068 4148 1163 4221 ipsius
1187 4149 1275 4207 huius
1298 4156 1372 4207 tem·

213 4244 294 4316 poris
327 4259 440 4302 morem
466 4243 496 4300 iu
524 4228 721 4303 clausularum
755 4249 880 4308 inanime
910 4264 966 4309 usu
994 4251 1187 4324 conspicuum
1211 4259 1240 4310 et
1262 4252 1371 4328 Η1555-

214 4347 388 4413 craticorum
426 4346 516 4406 etiam
548 4349 686 4423 ,exemplo
725 4351 929 4410 confirmatum
962 4353 1185 4414 concedendum
1212 4355 1250 4415 sit
1283 4342 1388 4429 atque
