2992 5032
756 331 818 392 loe

207 507 354 582 praedicat
378 512 408 562 ut
431 504 486 578 ipsi
511 502 621 576 passim
645 499 959 574 Pseudopytbagorici,
984 498 1090 554 ruitum
1114 503 1255 569 quantum
1280 497 1368 559 distat

207 611 242 666 ab
266 622 355 666 aureo
378 607 430 667 ille,
451 614 480 663 et
502 605 604 662 sedato
627 595 748 660 flumine
771 601 946 670 Aristotelia,
972 615 1026 656 nee
1049 599 1147 657 miuus
1162 599 1211 657 ille
1227 598 1276 679 qui
1290 600 1367 657 uue-

207 710 328 783 torioam
351 706 528 779 scripsitad
550 704 747 761 Alexandrum
771 717 871 775 regem
894 701 956 759 sive
983 689 1208 782 ὑπομνήματα
1231 692 1310 781 περί
1330 720 1367 761 τε

204 808 270 870 τῶν
301 804 484 869 πολιτικῶν
512 798 568 864 καὶ
592 801 658 863 τῶν
680 799 863 872 δικανικῶν
890 793 1174 885 παραγγελμάτων
1197 799 1320 878 (14211)
1336 801 1365 877 5.

207 913 243 971 51.
267 900 745 988 Theophrastirrcpoyya'dpccw
767 903 939 987 ῥητορικῆς
962 906 993 963 11.
1011 907 1041 971 L.
1059 902 1088 975 5,
1104 902 1168 979 47).
1214 906 1266 963 1115
1288 905 1366 965 enim

206 1014 305 1068 rhetor
332 1011 418 1081 plane
447 1017 508 1077 est,
543 1025 633 1081 quum
659 1009 691 1065 in
715 1002 866 1080 epistolica
895 1023 984 1080 quam
1013 1005 1164 1079 praemisit
1187 1006 1366 1080 praefatione

207 1110 409 1169 tralationibus
438 1117 467 1167 et
490 1110 596 1182 ¹lr'guris
630 1110 766 1171 distincta
802 1118 854 1179 „ut
884 1109 973 1166 verba
994 1108 1093 1166 verbis
1117 1106 1201 1180 quasi
1226 1109 1366 1173 demensa

104 1230 105 1233 ¹
137 1212 138 1215 ’
206 1221 235 1270 51
256 1210 336 1284 paria
359 1212 567 1283 respondeant,
592 1218 624 1268 ut
646 1212 757 1269 erebro
773 1209 960 1276 coul'erantur
976 1207 1134 1285 pugnantia
1148 1215 1367 1280 comparentur·

206 1329 263 1387 que
287 1313 430 1388 contraria
455 1320 537 1371 etut
558 1313 666 1384 pariter
689 1319 818 1371 extrema
833 1309 1027 1383 terminentur
1041 1310 1367 1382 eundemquereleraut

206 1417 236 1472 in
249 1415 381 1472 cadendo
394 1414 527 1484 sonum,”
540 1415 683 1481 extollens
695 1413 744 1470 ille
760 1412 881 1469 rationis
896 1400 1021 1491 (λόγου)
1035 1410 1204 1484 dignitatem
1222 1409 1364 1482 (etlsocr.

206 1516 315 1576 Nicocl.
329 1513 422 1574 5—at
447 1507 525 1596 περὶ
548 1503 697 1574 ἇντιόόσ.
713 1509 870 1573 eoa—57.
884 1509 1159 1587 1155535547-49
1173 1510 1241 1587 515.)
1265 1519 1293 1568 51
1307 1507 1367 1592 τῆς

207 1615 273 1692 τῶν
295 1607 403 1697 λόγων
427 1606 635 1697 φιλοσοφίας
658 1622 687 1672 51
709 1630 790 1672 more
813 1615 899 1687 plane
922 1615 1067 1671 Isocrateo
1089 1622 1119 1684 et
1135 1613 1365 1685 ipsevocabulo‚

207 1728 268 1777 tum
293 1737 329 1777 eo
352 1721 418 1790 ipso
443 1720 521 1788 quod
546 1734 605 1774 non
629 1724 720 1774 artem
745 1733 780 1780 ex
803 1717 935 1788 priorum
957 1715 1142 1775 orationibus
1165 1713 1367 1786 exemplisque

208 1819 348 1879 describit
371 1819 611 1889 demonstratque
635 1825 668 1875 ut
690 1817 895 1890 philosophus,
920 1819 972 1874 sed
996 1817 1026 1874 lu
1049 1817 1147 1889 ipsum
1164 1819 1381 1879 eorumusum

127 1924 129 1926 ’
207 1920 258 1992 qui
285 1934 317 1977 se
345 1908 528 1975 orationibus
559 1919 621 1976 sive
649 1918 793 1975 habendis
816 1917 878 1983 sire
902 1918 1067 1975 scribendis
1092 1898 1364 1990 (5153911530.

129 2068 130 2071 ,
207 2017 301 2091 1436,
319 2018 375 2092 26)
396 2034 538 2076 exercere
561 2016 652 2079 'velint
675 2012 770 2099 (περὶ
786 2012 870 2091 τούς
893 2008 1012 2099 ,λόγους
1024 2009 1255 2100 γυμνάζεσθαι
1272 2017 1371 2088 1446,

207 2120 257 2182 35.
283 2122 318 2179 51.
343 2113 426 2180 κατὰ
449 2113 500 2179 τὰ,
514 2111 798 2202 προμομνάσματοι
812 2121 905 2192 taba,
919 2120 975 2194 25)
999 2130 1154 2195 praecepta
1169 2122 1255 2179 tradit
1270 2123 1366 2179 locos-

207 2240 264 2297 que
299 2212 441 2295 (τόπονς
474 2223 558 2296 quasi
587 2223 765 2296 rhetoricos)
803 2224 914 2297 colligit
948 2239 1085 2285 sermone
1103 2224 1168 2281 ad·
1189 2223 1367 2296 discipulum

206 2326 345 2386 lectorem
379 2340 496 2396 semper
523 2339 665 2382 converso
696 2325 767 2385 satis
795 2326 913 2398 quidem
938 2324 1007 2384 exili
1041 2325 1091 2396 (cl.
1115 2324 1271 2395 repetitum
1293 2324 1366 2382 illud

206 2420 243 2498 ἐξ
263 2407 308 2484 ῶν
332 2414 591 2504 εὐπορήσομεν),
612 2440 647 2482 55
670 2433 767 2482 tamen
791 2441 879 2498 quem
902 2427 937 2484 ab
961 2424 1366 2498 epistolaeauetoreminime

206 2527 345 2597 seiungas
369 2524 414 2596 (id
437 2526 518 2598 quod
539 2525 633 2582 uoluit
655 2525 783 2599 Spengel
806 2528 864 2585 Art.
884 2528 983 2602 script.
996 2545 1024 2600 p.
1038 2523 1109 2596 181,
1134 2525 1265 2585 Ananim.
1290 2528 1364 2584 rbet.

134 2621 136 2628 ’
205 2644 233 2701 p.
252 2623 303 2697 93,
328 2626 560 2684 eodemiudicii
576 2625 695 2703 arbitrio
725 2644 783 2700 quo
812 2629 891 2688 idem
917 2630 949 2686 iu
974 2628 1048 2695 libro
1073 2628 1242 2690 demando
1266 2627 1366 2686 Osann

205 2728 293 2787 Beitr.
311 2725 340 2800 1,
356 2726 418 2786 246
432 2730 508 2801 sq.)=
542 2735 620 2786 certe
649 2729 727 2788 enim
750 2731 892 2790 ridiculus
921 2731 1026 2797 luisset
1047 2726 1218 2798 autpotius
1242 2728 1365 2787 insanus

206 2830 256 2902 qui
284 2830 314 2885 in
339 2831 472 2888 docendo
499 2831 581 2888 etin
609 2832 773 2905 praeceptis
802 2834 929 2891 eundern
956 2831 1001 2894 eui
1030 2827 1182 2902 potuitvin
1210 2829 1364 2901 epistolico

206 2931 362 3003 ethicoque
384 2932 696 3002 sermone=(similiter
718 2941 806 3005 atque
829 2935 971 2991 isocrates
999 2933 1029 2990 in
1057 2929 1131 3003 ipsis
1154 2929 1258 2988 ethicis
1281 2947 1365 3003 prae·

206 3029 298 3102 ceptis
321 3030 357 3085 ad
380 3029 573 3086 Demonieum
596 3039 625 3088 et
647 3034 683 3089 ad
707 3033 869 3105 Nicoclem)
892 3033 1046 3108 indulgere
1059 3033 1364 3105 figurarumoruatum

205 3127 410 3196 adhibuisset.⁴
449 3129 549 3202 ltaque
576 3129 653 3188 sieut
679 3133 807 3190 fecerant
833 3133 891 3190 iam
918 3140 985 3192 ante
1015 3150 1082 3195 eum
1110 3135 1221 3191 dudum
1248 3140 1364 3205 recepto

205 3230 366 3289 litterarum
390 3246 498 3304 genere
519 3222 740 3315 τεχνογράφοι
762 3231 970 3305 materterae,
988 3233 1038 3295 10.
1056 3229 1219 3316 1421.,39)
1241 3235 1364 3308 ipseque

204 3332 469 3392 Pseudaristoteles
503 3333 532 3390 in
556 3335 721 3407 praeceptis
742 3335 895 3393 rhetoricis
918 3335 954 3392 ad
978 3337 1176 3401 Theodectem,
1197 3336 1312 3409 scriptis
1335 3344 1365 3394 et

205 3435 255 3508 qui
278 3442 381 3493 auctor
403 3434 544 3493 luitlibri
567 3434 596 3493 io
622 3435 739 3501 Cerceis
763 3436 869 3494 veteris
891 3436 971 3494 illius
993 3451 1101 3494 nornen
1123 3426 1196 3496 editi
1218 3439 1362 3496 —talem

139 3536 140 3540 ’
201 3520 283 3592 Ι55151
317 3552 418 3595 revera
451 3537 582 3594 extitisse
617 3538 782 3611 siguificare
816 3539 901 3599 etiam
929 3555 964 3597 ea
990 3539 1128 3601 videntur
1154 3554 1229 3612 quae
1255 3541 1364 3612 babent

205 3635 318 3708 Syrien.
344 3637 441 3693 Sebol.
470 3637 499 3694 in
524 3639 659 3712 Hermog.
685 3647 778 3698 status
801 3656 845 3713 ap.
873 3643 949 3699 Walz
973 3642 1056 3701 Rbet.
1082 3642 1129 3699 Gr.
1147 3641 1182 3696 lV
1203 3659 1231 3712 p.
1249 3638 1311 3701 575
1335 3648 1365 3698 et

204 3734 298 3792 Aaou.
327 3735 459 3810 Prolegg.
488 3739 516 3795 in
545 3737 720 3813 Hermogen
745 3743 818 3800 rhet.
843 3742 882 3798 ib.
916 3759 944 3814 p.
962 3740 1003 3800 12
1015 3759 1060 3814 sq.
1096 3741 1130 3798 cl.
1154 3741 1282 3812 Spengel
1309 3748 1361 3796 art.

143 3822 144 3825 ¹
205 3852 261 3894 scr.
284 3853 313 3909 p.
330 3837 371 3894 24
393 3867 435 3876 -
463 3839 570 3911 quibus
599 3843 716 3902 duobus
746 3859 783 3901 se
808 3842 937 3900 lontibus
960 3858 1052 3900 susum
1080 3854 1146 3899 esse
1174 3837 1360 3911 1115111421,

204 3935 247 3998 38
259 3953 335 4011 sqq„
361 3939 402 3996 ita
424 3939 513 3997 buius
535 3940 606 3998 artis
629 3951 730 4001 auctor
742 3943 860 4001 exbibet
875 3930 1047 4018 μεθόδους
1058 3930 1166 4020 λόγων
1178 3934 1362 4001 πολιτικῶν

205 4038 316 4113 (1420,
337 4037 366 4099 7.
395 4032 548 4111 142157.
579 4039 673 4114 1436,
696 4041 746 4115 28,
781 4045 817 4101 51.
841 4042 976 4105 isocratis
1010 4043 1058 4101 illa
1097 4032 1264 4124 ἐπιστήμη
1296 4041 1363 4103 τῶν

204 4137 389 4205 πολιτικῶν
422 4131 529 4223 λόγων
561 4151 662 4202 eontra
686 4146 785 4219 ¹Sopb.
804 4145 854 4204 21.
887 4146 921 4202 51.
939 4143 957 4203 9
975 4160 1019 4216 sq.
1044 4141 1171 4204 tra-ta
1188 4147 1260 4218 etc.)
1288 4162 1361 4228 quas

204 4262 228 4304 e·
243 4245 394 4319 principali
422 4252 503 4318 parte
532 4244 633 4305 definit
659 4248 772 4329 addens
805 4241 862 4308 καὶ
893 4242 1360 4320 δικανικῶν,,(14211)4)55-

203 4348 333 4420 terisque
372 4347 528 4420 generibus
562 4349 798 4424 demonstrativo
828 4365 868 4406 se.
901 4355 929 4403 et
961 4348 1150 4411 deliberativo
1186 4365 1255 4408 vere
1287 4349 1362 4422 poli-
