2992 5032
753 309 816 375 168

210 490 322 560 ratione
344 488 450 550 similia
467 516 508 549 ψ,-
532 494 563 546 ut
586 487 640 545 etsi
663 501 712 562 aas
729 483 845 557 tractari
861 481 1052 556 quaestiones
1063 478 1372 554 rideas'theoriasqne

210 609 286 666 quae
307 593 489 666 Praxagorae
511 579 662 662 Herophili
684 584 850 643 Erasistrati
870 587 965 642 ,aetate
980 583 1064 654 inter
1086 583 1216 642 medicos
1232 582 1373 655 vulgatas

209 693 245 751 41)
267 693 423 753 Aristotele
445 707 515 750 vero
537 692 624 763 plane
645 687 757 745 alienas
778 687 872 744 luisse
896 686 972 744 scias
995 688 1047 767 (41.
1061 685 1186 744 manime
1202 700 1227 741 4.
1241 681 1259 742 5
1274 682 1372 756 sqq),

209 800 307 852 tamen
330 795 367 852 de
389 793 486 866 ipsius
506 786 635 850 auctoris
658 783 985 850 sententiaeontrarias
1008 784 1204 859 comparantis
1227 800 1288 842 non
1307 783 1373 847 iam

211 911 266 952 sua
292 895 425 954 docentis
453 909 572 966 semper
598 876 659 950 lere
685 893 820 961 haereas,
847 889 1144 962 Theophrasti‘vero
1167 894 1196 944 et
1216 883 1372 958 Herophili

211 995 287 1052 bene
309 1011 454 1069 agnoscas
476 993 628 1066 aequalem
652 991 701 1066 qui
720 999 842 1065 *tantum
865 991 980 1064 spiritui
1001 991 1115 1053 tribuat
1141 996 1175 1047 ut
1196 985 1373 1067 arteriarum

211 1103 239 1152 et
261 1111 402 1158 venarum
425 1096 589 1154 seeundum
610 1094 803 1166 Praxagoram
826 1092 902 1151 laeto
919 1091 1088 1150 discrimine
1104 1071 1375 1148 arteriasaestimet

212 1195 288 1253 aeris
315 1201 369 1268 per
394 1211 482 1253 omne
508 1211 616 1267 eorpus
644 1194 777 1267 duetus,
799 1193 908 1270 quibus
935 1192 1000 1265 ipsa
1026 1196 1227 1264 quaepostea
1249 1194 1375 1244 vocatur

211 1311 316 1368 aspera
338 1296 443 1354 arteria
465 1296 589 1368 eiusque
617 1296 647 1352 in
670 1294 861 1367 pulmonibus
889 1294 1030 1352 bronchia
1053 1291 1137 1366 quasi
1163 1289 1375 1370 continuantur

213 1395 264 1469 (41.
289 1396 480 1470 Aristogenes
510 1397 546 1453 de
569 1396 639 1469 spir.
656 1393 729 1468 481,
746 1394 789 1457 28
806 1412 870 1470 sqq.
906 1398 942 1454 de
971 1397 1092 1467 Praxo-g.
1121 1400 1151 1450 et
1173 1389 1372 1473 Erasistr.:ot

213 1488 356 1571 spren‘get
373 1496 401 1570 1,
418 1497 490 1563 490.
508 1494 579 1557 543.
604 1499 640 1571 de
655 1499 744 1579 Eras.
769 1499 870 1557 Galen.
890 1498 921 1570 4,
938 1495 1010 1557 706.
1032 1493 1062 1566 3,
1080 1491 1150 1554 537.
1173 1491 1203 1564 5,
1218 1490 1282 1553 549
1298 1493 1372 1563 ete.)

213 1599 313 1658 cordis
335 1602 460 1673 quadarn
483 1598 602 1672 propria
624 1598 650 1656 vi
675 1606 703 1657 et
725 1600 898 1659 arteriarum
921 1615 936 1655 a
961 1599 1050 1656 eorde
1072 1596 1221 1662 derivante
1237 1589 1327 1665 (483,
1342 1589 1377 1652 5.

213 1696 263 1758 15.
281 1701 317 1759 41.
332 1699 420 1760 4821)
436 1699 486 1759 29.
510 1717 577 1757 eum
600 1701 764 1773 Praxagora
786 1702 835 1774 qui
859 1709 956 1758 tamen
980 1715 1045 1756 oum
1059 1697 1213 1756 Philotimo
1227 1694 1374 1768 discipulo

213 1789 358 1876 πάμπαν
381 1794 428 1874 ιἐξ
459 1791 585 1877 ἑαυτῶν
616 1791 753 1882 quoiam
783 1794 845 1874 τὰς
874 1791 1030 1884 ἀρτηρίας
1055 1794 1201 1873 opinatus
1229 1786 1281 1854 est’
1308 1796 1372 1855 Gal

184 1977 186 1981 ι
216 1898 245 1972 5,
262 1898 334 1960 561.
355 1900 385 1974 8,
402 1902 465 1979 702
500 1910 528 1961 41
561 1903 720 1976 Herophilo
748 1904 855 1972 Galen.
883 1901 913 1974 8,
931 1899 1002 1962 703.
1031 1898 1148 1973 5,164.
1184 1899 1219 1956 41.
1241 1895 1319 1960 508.
1341 1899 1373 1969 4,

214 1998 276 2062 731.
290 2011 387 2077 sq.'et
408 2004 479 2080 ipso
498 2005 608 2062 Gaiano
624 2002 653 2076 3,
671 2001 733 2064 512
750 2012 815 2075 414,
850 2004 1043 2069 dissentiente
1072 2009 1169 2064 tamen
1196 2001 1374 2069 Erasistrato

144 2167 147 2170 ⁴
214 2106 261 2164 cui
285 2106 348 2179 ipse
371 2107 493 2181 spiritus
516 2090 622 2184 eordis
636 2106 665 2164 vi
689 2107 824 2186 emissus
840 2114 867 2164 et
880 2105 1001 2171 artemas
1014 2104 1140 2178 implens
1153 2100 1375 2176 pulsum-elficit

215 2208 251 2264 41.
277 2207 377 2266 Galen.
395 2205 424 2279 5,
441 2205 503 2266 167
516 2224 560 2280 sq.
582 2203 654 2281 552.
672 2205 743 2267 562.
761 2205 832 2273 620.
850 2205 879 2277 2,
897 2203 968 2266 597.
985 2204 1015 2278 8,
1027 2203 1108 2275 1703.
1122 2202 1201 2274 714)
1234 2204 1386 2277 rhythmo

216 2309 344 2380 quodam
370 2310 516 2383 aequabili
538 2307 627 2380 (483,
639 2309 672 2385 ,2.
691 2306 725 2378 6)
752 2308 953 2388 pulsantibus,
987 2315 1078 2380 utque
1112 2307 1209 2379 ipsum
1237 2305 1375 2380 spiritura

215 2415 339 2495 censeat¹
359 2423 425 2466 esse
452 2405 585 2489 πρῶτον
611 2399 680 2467 ὑπὸ
705 2400 764 2488 τήν
791 2397 904 2491 ψυχήν
931 2405 1019 2479 (483,
1036 2407 1086 2465 26.
1111 2405 1214 2467 41.,30.
1232 2402 1282 2465 33.
1299 2401 1380 2476 481,,

216 2504 265 2563 17.
283 2505 333 2564 29.
349 2504 436 2567 4851)
454 2505 510 2579 10)
546 2509 608 2567 4114
640 2501 679 2569 τὸ
713 2504 845 2588 πρῶτον
879 2500 1028 2569 δεκτικὸν
1059 2505 1169 2589 ψυχῆς
1196 2503 1375 2581 (4831110)

215 2607 329 2666 sivein
352 2609 458 2668 arteria
492 2611 555 2668 sola
583 2611 747 2670 seeundum
780 2611 925 2682 quosdam
953 2617 1124 2673 contentum
1157 2611 1233 2682 (nee³
1251 2623 1321 2669 vero
1343 2607 1375 2665 in
1406 2615 1413 2624 “

215 2727 305 2781 nervo
329 2711 364 2770 41.
380 2709 468 2772 4831)
485 2712 534 2771 12.
552 2711 602 2773 18.
620 2710 707 2772 4821)
724 2710 780 2784 14)
815 2711 922 2786 quibus
951 2712 1037 2770 etiarn
1064 2700 1083 2792 ἡ
1113 2701 1252 2793 ἀρτηρία
1273 2700 1377 2787 μόνον
1466 2703 1469 2710 ’

216 2801 418 2873 αἰσθάνεται
441 2815 561 2886 spiritns
585 2831 641 2888 opo
665 2811 753 2887 (483,
766 2814 823 2886 24)
847 2814 1021 2889 arteriisque
1045 2829 1111 2871 eum
1135 2813 1219 2872 venis
1242 2828 1376 2878 commu·

216 2906 381 2982 meantibus
404 2915 497 2972 -id
520 2918 600 2988 quod
623 2915 805 2975 sectionibus
829 2923 1011 2988 compertum
1034 2916 1072 2974 sit
1095 2911 1281 2988 (483b24):
1306 2922 1385 2973 sunt

128 3040 132 3053 ·
216 3003 578 3090 4411441ναστομώσεις,
605 3017 674 3073 inde
701 3017 737 3073 ab
760 3017 936 3097 Erasistrato
963 3016 1001 3073 ita
1025 3017 1186 3091 appellatae
1210 3013 1375 3088 (0414115,

217 3111 280 3172 164
293 3131 336 3189 sq.
355 3113 405 3188 11,
423 3113 495 3175 153.
509 3114 630 3197 3,-492.
649 3114 711 3175 512
724 3119 794 3188 414.)
818 3150 859 3157 -
885 3101 1017 3176 vicissim
1052 3126 1080 3193 et
1102 3133 1203 3176 uenae
1237 3116 1374 3190 spiritum

215 3217 391 3301 participant
417 3219 468 3291 (41.
493 3219 593 3278 Galen.
610 3202 640 3292 3,
655 3219 727 3289 494.
744 3216 818 3278 496.
838 3217 869 3291 5,
886 3216 964 3292 165)
992 3227 1021 3277 41
1047 3221 1225 3277 humescunt
1252 3219 1376 3277 arteriae

216 3317 305 3393 (484,
322 3321 351 3380 2.
375 3319 582 3384 41483019.
607 3315 672 3396 ,τὰς
699 3315 827 3406 φλέβας
853 3314 909 3381 καὶ
934 3313 994 3401 τὰς
1017 3309 1173 3403 ἀρτηρίας
1193 3310 1374 3381 συνάπτειν

215 3413 263 3496 εἷς
286 3413 433 3508 ἀλλήλας
448 3423 535 3486 4831)
551 3406 601 3486 25.
618 3422 679 3498 35),
698 3425 884 3499 arteriisque.
897 3423 1025 3497 deniqne
1047 3430 1076 3481 et
1098 3424 1128 3481 in
1151 3430 1218 3481 ente
1239 3438 1314 3497 quae
1334 3438 1370 3485 en

217 3541 292 3582 vena
314 3527 418 3585 arteria
443 3543 534 3586 nervo
557 3536 672 3587 constat
698 3525 801 3600 (4831)
819 3524 868 3586 15.
893 3527 930 3601 41.
946 3524 1080 3584 Erasistr.
1105 3543 1150 3600 ap.
1175 3526 1236 3585 Gal.
1254 3522 1284 3598 3,
1302 3521 1374 3586 538.

217 3622 268 3695 14,
286 3622 363 3707 697)
398 3627 429 3686 fit
462 3619 609 3710 διαπνοή
643 3625 745 3698 (4831)
762 3625 812 3685 17.
839 3624 914 3699 481,
936 3626 997 3698 22)Δ
1028 3633 1192 3693 41441441)
1225 3610 1378 3700 proiieitnr

217 3720 397 3799 (484,14);
431 3718 609 3788 4114404111
636 3727 666 3784 in
695 3726 804 3800 nervis
829 3726 863 3797 (1.
888 3743 913 3784 4.
937 3726 1105 3800 ligamentis
1127 3728 1163 3783 41.
1187 3725 1394 3799 Sprengel1,

219 3822 281 3885 534
295 3842 338 3899 sq.
356 3824 434 3900 542)
468 3831 577 3902 quibus
605 3827 636 3884 lit
664 3832 762 3884 motus
799 3823 902 3899 (4841)
918 3823 968 3885 35.
985 3824 1058 3898 485,
1071 3825 1122 3898 6),
1147 3829 1228 3898 quod
1249 3829 1377 3900 praefert

219 3923 431 4002 404141’(485,
448 3927 467 3989 7
489 3923 524 3991 ἐν
536 3913 572 4011 ᾧ
593 3917 726 4011 πρώτη),
737 3920 775 3989 τὸ
799 3923 931 4004 πνεῦμα
952 3920 991 3988 τὸ
1013 3916 1178 4007 κινητικόν
1194 3937 1223 3987 41
1239 3945 1383 3996 summus,

194 4029 436 4104 satornana.
465 4033 500 4090 41.
517 4029 604 4092 4811)
621 4029 671 4090 14.
696 4031 731 4116 41.
755 4030 882 4102 Heroph.
908 4044 966 4087 see.
990 4028 1064 4093 Plut.
1088 4029 1126 4102 pl.
1151 4031 1201 4102 pb.
1217 4029 1253 4100 4,
1264 4029 1306 4088 22
1329 4032 1376 4094 eui

219 4124 377 4212 δυνάμεις
403 4126 547 4217 περὶτὰ
575 4123 715 4210 σώματα
742 4124 905 4212 eremitat
932 4123 966 4191 ἐν
992 4119 1122 4212 νεύροις
1135 4123 1182 4211 ’,ἐν
1204 4120 1379 4215 ἀρτηρίαις

219 4230 254 4299 ἐν
273 4228 390 4316 μυσίν,
405 4239 439 4297 ef.
465 4237 565 4303 Galen.
583 4233 612 4308 7,
630 4233 717 4308 605).
761 4235 803 4294 04
823 4234 890 4321 ipsa
913 4232 1035 4306 spiritus
1058 4241 1163 4319 natura
1185 4241 1214 4292 et
1235 4235 1377 4297 tenuitate

148 4394 152 4395 γ
220 4341 369 4409 quaeritur
388 4335 607 4421 auant-512.
642 4338 677 4396 41.
702 4335 774 4411 481,
786 4334 841 4397 ,17.
859 4335 909 4418 22.
930 4333 1063 4396 481114.
1098 4335 1218 4410 Praxag.
1243 4352 1288 4409 ap.
1313 4335 1378 4400 Gal.
