2954 5034
684 351 725 411 53

121 516 229 589 pilandi
257 531 383 589 ‘operam
407 523 439 581 ct
466 517 623 592 colligendi
652 520 829 593 prodentes,
866 504 952 580 sicut.
975 536 1049 594 quae
1083 526 1152 578 sunt
1180 521 1277 578 ‘variae

119 617 286 676 historiaes
302 603 427 678 ἄτακτα
450 619 499 676 llll
522 620 554 677 D.
570 622 603 678 L.
621 617 650 691 5,
666 620 707 680 26
730 623 799 695 (pro
823 639 882 695 quo
905 610 1067 683 διάτακτα
1082 621 1156 680 falso
1170 622 1277 695 legitur

119 734 164 790 ap.
180 717 251 790 An.)
274 718 293 793 i.
318 736 344 778 e.
368 719 540 802 συμμιγεῖς
562 711 707 805 ἱστορίαι
726 723 827 796 (Suid.
840 740 864 782 s.
876 724 1071 797 Euphorion),
1094 716 1275 804 ἐξηγημένα

116 814 201 885 κατα
223 813 316 901 γένος
337 819 399 877 XIV
414 821 495 878 D.'L.
514 819 543 894 5,
559 822 605 886 26,
628 813 848 904 (ἐξητασμένα
870 845 899 882 κ.
923 841 952 903 y.
975 823 1061 895 An),
1096 824 1132 881 de
1166 825 1274 897 quibus

116 923 233 982 duobus
254 922 331 980 male
354 921 504 994 disputant
516 923 719 997 Schneidewin
733 925 874 999 Philolog.
888 921 981 984 1846.
995 925 1014 994 l,
1027 922 1113 996 p.10.
1131 925 1162 983 C.
1171 926 1274 983 llltiller

115 1026 148 1082 l‘r.
165 1026 194 1083 h.
211 1041 254 1099 gr.
270 1025 295 1081 ll
308 1039 337 1095 p.
351 1019 422 1094 189,
451 1024 636 1098 septuaginta
665 1026 772 1084 deinde
800 1027 882 1085 libris
911 1016 1077 1103 σύμμικτα
1105 1006 1273 1107 ζητήματα

115 1117 201 1206 πρὸς
221 1111 388 1206 Eductam
410 1123 516 1196 (David
532 1125 561 1184 in
578 1125 638 1185 ca.
655 1125 757 1186 anas
780 1127 829 1200 qu
852 1128 936 1186 rocus
949 1127 1065 1186 navius
1078 1125 1272 1199 capuanus

115 1225 323 1299 interpretibus
354 1239 408 1289 sua
436 1225 534 1284 omnia
565 1227 724 1300 repetentis
756 1228 863 1301 illaque
890 1244 949 1286 una
981 1227 1171 1286 memorantis
1204 1214 1271 1284 cuin

115 1327 188 1385 libro
222 1346 259 1388 π.
286 1315 503 1404 συμβιώσεως
536 1315 657 1410 ἀνδρὸς
688 1321 746 1389 καὶ
776 1320 931 1409 γυναικὸς
963 1330 999 1388 ab
1022 1329 1116 1387 Anon.
1152 1343 1271 1402 quoque

114 1427 261 1501 adscripto
282 1443 335 1500 pro
359 1443 393 1485 ca
415 1428 476 1487 fere
504 1436 560 1513 stat
587 1431 732 1489 sententia
762 1437 792 1488 ut
818 1430 1010 1515 appendicem
1032 1430 1177 1505 Anonymi
1201 1429 1219 1486 i.
1243 1445 1268 1486 e.

113 1528 251 1603 Hesychii
284 1528 454 1588 intercisum
489 1531 518 1590 iu
553 1531 704 1590 codicibus
734 1531 873 1604 Diogenis
907 1531 1054 1604 similique
1087 1533 1176 1591 modo
1210 1547 1269 1604 quo

113 1629 400 1711 Theophrasteorum
433 1631 611 1705 appendices
644 1633 680 1690 ah
713 1631 779 1706 ipso
808 1632 938 1706 Diogene
970 1635 1027 1691 hoc
1058 1647 1177 1706 quoque
1204 1632 1269 1688 loco

112 1746 214 1789 revera
234 1731 366 1789 additum
389 1732 481 1791 luisse
504 1736 694 1807 censeamus)
721 1733 783 1792 sive
805 1726 938 1806 πέπλος
960 1733 1010 1807 qui
1033 1733 1168 1792 diversus
1191 1732 1269 1789 eius-

113 1833 180 1895 dem
214 1832 312 1905 operis
339 1831 442 1890 titulus
469 1819 618 1907 significat.
648 1825 797 1917 ἱστορίαν
823 1824 1005 1912 σύμμικτον
1037 1836 1086 1907 (ut
1107 1831 1177 1891 dicit
1199 1830 1269 1900 An.)

113 1932 177 1991 sive
198 1933 328 2005 „variam
350 1942 379 1992 et
401 1934 561 1993 miscellam
585 1942 614 1994 ct
636 1937 720 2009 quasi
743 1938 953 1996 confusaneam
980 1935 1156 1996 doetrinam”
1178 1932 1267 2005 (Geli.

85 2049 90 2055 ’
113 2035 231 2107 prael),
255 2051 322 2093 cum
335 2035 482 2094 similibus
505 2036 553 2093 ille
576 2036 839 2096 Alexandrinorum
862 2038 944 2096 libris
968 2035 1099 2111 Dionysii
1122 2035 1269 2107 Stephano

114 2135 161 2206 (d.
179 2135 282 2195 lllltller
297 2137 330 2207 ll,
346 2133 381 2207 7)
409 2143 438 2192 et
464 2135 588 2209 Rhegini
616 2137 847 2212 Polymncmone
870 2140 924 2210 (id.
942 2140 974 2210 ll,
990 2137 1031 2196 12
1047 2137 1124 2205 not.)
1152 2140 1230 2190 recte
1252 2148 1269 2187 a

114 2235 234 2295 Socrate
256 2235 339 2307 (hist.
364 2236 468 2292 eccles.
484 2233 515 2307 3,
532 2233 589 2306 23)
613 2246 812 2310 comparatus3
839 2239 869 2295 in
893 2254 951 2311 quo
973 2238 1048 2297 libro
1072 2236 1123 2308 (el.
1147 2231 1269 2290 Schnei-

114 2335 209 2393 dewin
236 2334 406 2409 Philologus
426 2337 437 2392 l
457 2317 486 2408 p.
502 2332 618 2394 8-1,3.
643 2336 673 2396 C.
691 2339 833 2397 lllilllerll
852 2356 880 2413 p.
898 2335 961 2397 188
973 2338 1034 2410 sq.)
1067 2340 1181 2409 praeter
1213 2331 1269 2389 alia

113 2436 204 2493 multa
232 2436 431 2496 disserebatur
456 2438 494 2495 de
521 2437 642 2505 deorum
670 2439 819 2498 amoribus
846 2447 875 2498 et
902 2441 1024 2498 heroum
1046 2436 1268 2495 Homericorum

114 2537 293 2610 genealogiis
330 2554 395 2596 cum
425 2538 543 2596 navium
570 2555 645 2613 quos
672 2540 818 2600 habehant
845 2556 967 2600 numero
995 2545 1025 2598 et
1051 2533 1268 2611 epigrammatis

115 2639 261 2710 (hastath.
284 2642 320 2698 ad
343 2641 374 2698 ll.
400 2640 423 2719 β
443 2658 472 2715 p.
490 2637 552 2701 285
576 2641 659 2699 Rom.
683 2642 718 2700 cl'.
743 2643 779 2700 de
801 2643 881 2714 Epeo
906 2643 972 2701 Sch.
997 2640 1026 2698 D.
1048 2635 1077 2711 λ,
1101 2635 1181 2709 688,
1206 2635 1267 2708 cpi-

113 2739 211 2813 tnphia
232 2740 302 2800 inde
314 2749 450 2816 excerpta
472 2742 651 2826 novissimus
675 2743 765 2801 edidit
781 2742 984 2802 Schneidewin
996 2742 1015 2798 l.
1032 2757 1056 2798 c.
1073 2757 1101 2812 p.
1114 2733 1266 2807 24-45),
1307 2742 1309 2745 ’

114 2841 152 2898 de
173 2841 311 2900 ludorum
333 2843 510 2902 Graecorum
541 2845 704 2902 secundum
727 2844 867 2917 temporis
890 2843 1032 2901 rationem
1055 2840 1131 2906 serie
1153 2838 1267 2912 (Schol.

115 2941 233 3002 Aristid.
257 2943 303 3001 ed.
326 2944 471 3002 Frommel
494 2944 605 3002 Franci.
616 2961 641 3002 a.
653 2945 688 3001 M.
705 2942 789 3004 1826
804 2963 833 3020 p.
850 2942 911 3006 105
925 2945 995 3018 σο.)
1040 2943 1128 3001 Multa
1154 2941 1194 2999 ihi
1217 2954 1269 2996 ex·

115 3051 219 3117 cerpta
235 3052 264 3102 ct
285 3045 409 3118 repetita
431 3046 524 3104 luisse
546 3061 581 3103 ex
604 3046 772 3119 politiorum
799 3063 888 3121 opere
911 3055 940 3105 et
962 3045 1027 3119 ipso
1051 3044 1174 3103 contusa
1197 3058 1268 3115 qua-

115 3146 183 3204 dam
206 3147 339 3215 doctrina
361 3146 468 3205 referto
496 3162 532 3204 ex
554 3147 591 3206 iis
613 3156 693 3221 patet
715 3164 790 3223 quae
813 3150 906 3207 Tzetz'.
930 3146 967 3206 ad
989 3147 1056 3204 llcs.
1081 3142 1144 3220 p.7
1168 3143 1268 3212 (laist,

115 3249 153 3320 ad
175 3248 317 3322 Lycophr.
333 3245 397 3307 488
425 3264 461 3306 ex
486 3249 573 3323 peplo
602 3250 669 3309 citat
691 3250 721 3309 iu
743 3251 853 3324 politiis
876 3264 995 3323 quoque
1017 3249 1091 3306 lecta
1114 3247 1163 3318 (fr.
1186 3245 1267 3317 polit.

116 3346 187 3408 115.
205 3347 267 3408 176
289 3350 368 3408 Milli.
397 3349 447 3408 uhi
471 3351 507 3408 de
530 3366 639 3424 genere
662 3351 823 3411 Stesichori
850 3358 878 3408 et
906 3351 942 3421 de
962 3347 1118 3421 proverbio
1135 3344 1269 3416 quodam
1384 3405 1389 3419 g

115 3451 213 3511 l'ahula
235 3450 403 3524 explicato).
448 3452 603 3510 Praeterea
625 3453 694 3511 citat
714 3454 881 3509 Athenaeus
903 3449 979 3504 inter
994 3446 1226 3517 Theophrastum
1241 3449 1270 3499 et

106 3551 302 3621 Aristotelem
324 3559 460 3615 auctores
483 3550 571 3608 dubia
592 3541 815 3631 ὑπομνήματα
831 3565 872 3606 se.
888 3546 1026 3607 historica
1040 3545 1091 3618 (cl.
1104 3543 1269 3602 Aristoxeni

51 3675 53 3677 ’
116 3636 146 3713 et
179 3654 302 3712 aliorum
335 3640 574 3733 ὑπομνήματα)
597 3654 632 3709 Vl
655 3668 713 3710 sce.
737 3653 769 3710 D.
787 3653 818 3710 L.
836 3647 865 3720 5,
881 3646 923 3708 48
951 3647 1269 3721 (XVlsec.Dschen1.

118 3758 162 3839 W.
180 3753 268 3829 156),
302 3754 352 3813 uhi
381 3755 417 3812 de
444 3753 595 3828 phasianis
617 3755 721 3830 Athen.
742 3753 794 3825 14,
811 3749 897 3822 654,
917 3752 954 3809 de
976 3750 1193 3825 Magnesiorum
1220 3748 1270 3821 qui

118 3860 156 3916 ad
181 3858 370 3916 Maeandrum
397 3856 593 3931 hospitalitate
619 3857 723 3915 Athen.
740 3851 860 3928 4,173,
888 3870 947 3926 quo
976 3853 1095 3926 quidem
1121 3853 1186 3910 loco
1214 3850 1272 3906 lra·
1371 3838 1374 3844 ’

117 3967 267 4032 gmentum
289 3959 456 4033 appositum
478 3966 507 4017 et
529 3960 565 4017 ab
590 3958 669 4017 omni
685 3973 762 4016 nexu
779 3958 908 4016 solutum
924 3956 1047 4029 formam
1061 3953 1128 4011 libri
1144 3949 1273 4008 ostendit

118 4060 295 4121 collectanea
312 4059 506 4133 exhibentis,
539 4061 575 4119 de
598 4059 703 4118 insulis
726 4056 836 4115 Aeoliis
865 4044 1006 4138 (Θεόφρ.
1034 4048 1068 4115 ἒν
1096 4043 1273 4130 ἱστορικοῖς

101 4150 335 4243 ’ὑπομνήμασι
367 4162 465 4220 Schol.
494 4161 587 4234 Apoll.
615 4162 708 4220 Rhod.
738 4160 768 4232 4,
791 4156 883 4236 834),
923 4159 959 4215 de
992 4155 1139 4229 Euripidis
1172 4152 1273 4209 Medea

121 4261 254 4335 (Argum.
278 4264 345 4320 Dur.
370 4264 476 4337 Med),
504 4264 539 4321 cl.
564 4263 650 4321 etiarn
673 4262 776 4319 Athen.
793 4260 823 4332 2,
839 4260 890 4335 44.
931 4260 965 4338 ln
990 4256 1077 4332 lihris
1101 4249 1219 4336 χρειῶν
1247 4257 1275 4308 et

124 4360 244 4450 κοινῶν
271 4359 452 4445 διατριβῶν
485 4381 560 4438 otios
586 4364 734 4445 Aristoteli
766 4364 790 4422 si
821 4370 929 4422 rectum
965 4366 1009 4417 est
1041 4356 1147 4415 nomen
1176 4351 1278 4447 tribuit
