2992 5032
674 388 735 462 129

128 563 311 637 enarratione
334 570 387 628 sed
410 569 585 628 brevissimo
607 570 778 643 complexus
792 579 837 631 est
858 575 1043 648 compendio,
1067 575 1140 649 ipsis
1157 577 1281 635 sortasse

119 669 290 746 =Aristotelis
325 688 413 745 quem
441 671 561 744 respicit
587 672 638 744 (cl.
657 668 750 742 1330,
768 671 809 732 28
824 697 859 725 =
875 672 982 747 13441)
999 674 1055 749 15)
1083 677 1181 736 verbis
1209 677 1283 736 iuci-

125 777 220 845 6666,-
251 774 328 832 61661
360 774 447 832 etiam
479 774 529 831 1116
563 773 611 846 661
646 775 773 848 scripsit,
796 776 927 834 libellum
960 773 1038 859 περὶ
1067 769 1283 858 συμβιώσεως

126 862 247 956 ἀνδρὸς
278 871 335 936 καὶ
367 869 604 957 peraccepta.
628 878 712 935 Polie.
736 876 889 937 1260119.
915 875 1011 949 7,16.
1040 881 1103 939 Elh.
1128 883 1160 939 N.
1183 881 1281 956 8,14.

127 973 220 1049 1162,
238 978 292 1059 291
330 977 410 1052 πῶς·
438 972 643 1056 σνμβνωτέον
676 970 772 1060 ἀνδρὶ
799 973 885 1062 πρὸς
916 980 1063 1061 γυναῖκα.
1099 984 1134 1041 61.
1160 983 1228 1042 066.
1252 984 1282 1041 4.

126 1079 215 1138 David
238 1080 268 1137 in
293 1081 352 1140 Cat.
369 1079 433 1141 251)
449 1079 564 1142 8-10.
589 1083 683 1141 Anon.
708 1084 819 1157 Menag.
837 1083 1004 1158 hieronym.
1022 1084 1295 1143 contralovinian.·

128 1178 156 1254 1,
178 1179 220 1242 30
247 1200 275 1256 p.
297 1184 360 1243 162
388 1185 595 1259 6116616666.
620 1183 729 1259 1629).
780 1185 820 1242 De
853 1185 952 1243 166611.-
988 1186 1146 1245 Camerarii
1178 1187 1282 1261 (Arist.

127 1285 285 1345 Oeconom.
321 1287 393 1346 Frcl.
418 1285 511 1348 1581.
546 1288 631 1361 66161.
667 1288 760 1346 dedic.
780 1305 808 1360 p.
829 1269 863 1359 6)
912 1287 1020 1346 1611616
1058 1305 1125 1347 6666
1163 1289 1307 1363 quidem

121 1388 204 1445 ¹hunc
237 1389 342 1454 1116661
366 1391 532 1467 Aristotelis
564 1392 617 1448 sed
646 1406 743 1465 neque
766 1389 912 1464 integrum
940 1399 969 1448 61
994 1406 1137 1464 perquam
1160 1393 1284 1450 mendo-

95 1482 96 1485 ’
126 1501 192 1547 sum
215 1492 252 1548 ad
275 1508 330 1551 nos
353 1493 524 1567 pervenisse
546 1493 738 1565 perhibentis,
761 1495 842 1566 quod
858 1493 1025 1550 evasionis
1037 1494 1102 1551 loco
1114 1501 1282 1567 comparato

124 1599 225 1650 66666
252 1594 378 1672 ridetur,
413 1597 624 1654 advertendum
651 1603 799 1667 6616666
826 1594 911 1667 plura
936 1594 1168 1654 hahetCassius
1191 1612 1226 1654 ea
1247 1611 1284 1654 ex

126 1710 181 1753 suo
205 1712 273 1754 eum
295 1697 428 1770 potuisse
450 1699 571 1770 addere;
607 1705 736 1756 ceterum
759 1713 819 1765 non
842 1697 936 1769 magis
959 1712 1026 1757 esse
1049 1697 1207 1771 Aristoteli,
1233 1698 1283 1772 qui

126 1799 162 1855 de
186 1778 391 1856 Oeconomicis
414 1799 534 1856 omnino
547 1815 606 1857 non
623 1799 741 1872 scripsit
757 1799 922 1872 separatim,
939 1799 1018 1856 hunc
1033 1797 1141 1856 lihrum
1152 1801 1284 1859 tribuen—

125 1900 194 1957 dum
223 1915 290 1957 cum
318 1901 486 1959 Andronico
518 1901 563 1973 (in
584 1901 993 1975 -indiceTheophrastcorum
1015 1902 1115 1968 nullus
1138 1903 1284 1976 reperitur

125 2000 349 2074 oeconomicus)
374 2005 461 2089 quam
484 2019 551 2060 curn
573 2002 745 2062 Philodemo
767 2005 982 2076 Theophrast03
1007 2004 1073 2062 licet
1091 2005 1183 2062 multo
1196 2021 1284 2079 quam

126 2104 204 2160 hrrnc
231 2103 421 2184 verisimilius
455 2103 493 2162 sit
520 2104 626 2162 iniuria
649 2106 850 2177 Theophrasto
872 2105 1025 2162 tributum
1060 2105 1153 2164 luisse
1175 2107 1282 2164 librum

25 2218 29 2224 ’
125 2203 207 2262 illum
230 2207 267 2263 de
289 2206 400 2278 nuptiis
423 2213 452 2264 61
474 2221 534 2262 666
556 2206 690 2264 ducenda
712 2208 837 2279 sapienti
860 2221 967 2277 uxore,
985 2220 1080 2277 quem
1102 2207 1285 2267 Platonicum

33 2384 34 2387 Ἴ
126 2307 197 2380 6616
220 2292 382 2380 sapientem
405 2314 433 2365 et
455 2307 746 2380 aeeripatettcorum
762 2307 951 2381 philosophia
962 2307 1042 2365 cirili·
1052 2308 1282 2367 remotissimum

125 2409 261 2482 libroque
288 2409 564 2477 Pseudaristotelieo
599 2411 635 2468 (16
666 2410 780 2484 legibus
814 2410 866 2468 viri
895 2417 923 2468 et
951 2410 1053 2468 rixeris
1080 2410 1194 2469 sinon
1220 2411 1285 2485 ipsa

125 2512 270 2570 sententia
293 2519 321 2569 at
343 2512 428 2588 omui·
444 2513 557 2572 ratione
580 2528 776 2587 sermoneque
798 2513 925 2585 affinem,
950 2513 1102 2576 aureolum
1129 2514 1202 2572 dixit
1216 2530 1285 2573 cum

125 2615 214 2676 medii
248 2615 310 2696 aevi
345 2616 490 2690 theologis
525 2617 662 2676 omnihus
689 2617 886 2690 Hieronymus
921 2621 950 2671 et
977 2615 1110 2673 studiose
1139 2617 1285 2690 excerpsit

126 2720 165 2791 (c.
188 2719 250 2777 lov.
272 2717 302 2790 1.,
319 2715 360 2778 28
387 2736 415 2791 6.
437 2715 509 2777 161.
545 2721 579 2777 cs.
609 2714 992 2791 (161161666616.1,29).
1042 2716 1184 2774 66166661
1217 2724 1286 2790 post

126 2821 234 2881 Persici
258 2820 373 2894 imperii
396 2822 453 2879 lata
475 2817 600 2893 (13441)
616 2817 657 2880 34
680 2810 831 2900 Περσικὰ
853 2810 891 2878 δὲ
913 2803 953 2899 ἦν
969 2818 1039 2890 616.)
1061 2816 1179 2890 scripsit
1192 2817 1285 2878 oeco-

125 2923 234 2980 nomici
256 2922 335 2992 illius
358 2929 461 2994 auctor
483 2937 648 2996 anonymus
671 2920 890 2994 Peripateticus.
963 2971 965 2973 ,

101 3054 108 3061 -
211 3023 375 3097 Singularis
398 3031 442 3082 cst
465 3024 540 3082 liber
562 3017 639 3108 περὶ
662 3020 847 3105 ποιητικῆς,
871 3031 991 3097 propter
1013 3025 1170 3085 affectuum
1186 3032 1284 3082 tamen

126 3128 405 3187 commovendornm
430 3127 527 3185 locum
555 3135 583 3185 61
606 3127 751 3186 66666616
774 3119 925 3202 (λέξεως)
951 3127 1095 3186 theoriam
1122 3127 1285 3185 rhetoricae

120 3229 231 3288 6111616.
275 3230 341 3304 lpse
368 3229 398 3286 in
426 3229 589 3288 Rhetoricis
617 3247 634 3287 6
659 3229 805 3288 rhetorico
840 3244 978 3288 sermone
1010 3229 1150 3286 universo
1178 3228 1286 3300 exeipit

126 3331 280 3405 diligenter
301 3332 449 3404 poeticum
473 3340 502 3390 et
521 3334 653 3406 poeticae
676 3332 816 3405 relinquit
838 3332 988 3389 doctrinae
1001 3327 1046 3402 (3,
1063 3327 1091 3386 1..
1109 3326 1204 3398 1404,
1216 3325 1283 3399 37).

126 3432 275 3491 Poeticum
298 3449 368 3491 vero
392 3442 586 3506 ornatumque
610 3450 700 3505 quum
723 3432 850 3490 efficiant
871 3444 1039 3488 sermonem
1063 3429 1127 3501 ipsa
1149 3427 1286 3500 11166666

128 3534 196 3593 dicit
222 3528 264 3594 τὰ
285 3525 445 3614 ιεἴδητῶν
467 3523 638 3609 ὀνομάτων
659 3533 741 3592 velut
765 3531 953 3603 metaphorae
976 3538 1041 3602 616,
1065 3531 1168 3588 harum
1191 3530 1286 3604 ipsam

126 3636 273 3717 explicare
295 3644 428 3718 naturam
452 3643 539 3708 atque
562 3633 749 3693 definitiones
771 3641 800 3691 et
823 3632 938 3706 species
955 3632 1081 3691 -licet
1098 3648 1131 3691 ea
1148 3639 1286 3692 etorator

127 3738 264 3798 adhibeat
286 3746 314 3797 ct
337 3745 483 3812 quatenus
506 3737 542 3795 iis
565 3743 644 3795 recto
668 3743 696 3793 61
718 3743 784 3808 apta
807 3742 905 3793 utatur
928 3735 1003 3794 scire
1028 3735 1146 3807 debeat,
1171 3734 1285 3808 666111

128 3849 159 3899 61
182 3843 218 3899 dc
241 3855 307 3899 usu
331 3857 432 3900 eorum
456 3841 601 3899 rhetorico
629 3838 659 3895 16
682 3836 851 3906 Rhetoricis
876 3852 994 3910 quoque
1017 3836 1172 3910 diligenter
1194 3853 1284 3912 expo·

127 3948 214 4001 natur
235 3941 280 4014 (3,
296 3943 316 4001 2
330 3947 411 4018 666.)
437 3977 475 3985 -
500 3944 602 4003 merito
626 3940 732 4000 asserit
754 3954 821 3998 esse
844 3939 975 4014 poeticae
999 3947 1028 3997 et
1049 3939 1079 3996 in
1094 3942 1171 3998 hanc
1193 3947 1285 3998 artem

128 4045 321 4104 differendum
344 4047 442 4120 (Rhet.
460 4040 680 4106 lacaenae.
698 4041 796 4115 1405,
809 4040 855 4114 5).
894 4041 945 4100 Η16
959 4041 1048 4115 igitur
1064 4041 1284 4100 definitionibus
1373 4107 1379 4118 Ι

128 4148 158 4205 16
180 4148 306 4207 Ρ6611616
328 4149 366 4206 116
391 4149 527 4207 exhibitis
550 4157 583 4208 61
604 4151 642 4207 66
664 4145 805 4204 orationis
827 4143 958 4219 partibus
982 4144 1178 4217 disputatione
1201 4156 1286 4214 prae-

129 4249 221 4306 missa
241 4265 299 4307 non
323 4251 422 4324 inepte
444 4251 676 4321 introducantur,
701 4263 745 4328 66
759 4248 877 4306 brevius
900 4246 981 4320 loqui
1004 4246 1099 4319 potuit
1121 4244 1287 4304 deillorum

128 4366 186 4410 usu
212 4352 342 4424 poetico,
376 4339 601 4412 Rhetorieorum
629 4351 715 4411 6116
744 4351 790 4409 his
817 4350 1008 4408 fundamento
1034 4347 1123 4405 nixus
1146 4343 1226 4404 6116
1249 4344 1286 4402 iis

129 4453 267 4512 omnihus
305 4469 379 4528 quae
398 4472 399 4477 ¹
415 4448 458 4515 νᾶ
495 4448 574 4539 περὶ
609 4447 669 4536 τὴν
703 4442 858 4517 διάνοιαν
895 4452 1021 4526 appellat
1058 4462 1192 4522 quaeque
1226 4445 1285 4508 illic

168 4571 514 4627 116661611111611161616116.
1060 4549 1080 4610 9
