2954 5048
759 213 825 286 ted

210 382 368 464 alexander
389 395 457 460 post
479 387 703 463 Meteorologica
727 387 825 447 statim
848 386 956 444 dehere
979 384 1064 459 66661
1088 388 1210 450 sumens
1235 375 1277 446 τοὶ
1293 376 1379 464 περὶ

209 483 275 546 τῶν
308 476 403 562 ζώων
434 480 559 572 μορίων
581 492 644 563 (ad
666 485 964 563 1161666116236.
989 487 1024 546 61.
1050 485 1374 563 stymphalidem.

211 589 270 656 sed
298 598 454 665 antequam
478 593 642 659 zoicorum⁴
656 593 798 665 librorum
826 591 933 650 seriem
959 605 1122 663 persequar
1157 591 1194 649 ad
1228 590 1376 666 Physicos

210 691 278 750 illos
301 701 367 751 octo
392 693 441 766 qui
467 694 586 767 proprie
608 694 810 758 inscribuntur
837 695 935 752 redeat
957 690 1126 769 disputatio.
1180 693 1270 764 Recte
1294 692 1376 751 enim

103 863 104 868 1
212 792 284 851 dixit
306 793 486 871 Porphyrius
517 803 643 869 quatuor
670 813 737 857 esse
765 798 801 854 de
824 802 905 865 motu
933 788 990 854 aori
1016 785 1088 879 tdtp,
1114 788 1193 878 περὶ
1213 782 1378 877 κινήσεως

212 886 468 978 ἐπιγράφεσθαι
501 906 624 967 testatus
660 907 704 985 est
737 901 798 972 (ap.
835 898 937 972 Simpl.
967 899 1033 957 sch.
1050 894 1284 973 39114666.)
1319 913 1376 960 666

212 1015 315 1082 ycrum
338 1008 383 1058 est
404 1002 485 1073 quod
508 1001 676 1074 Simplicius
699 1017 736 1059 ex
757 1001 830 1074 ipsis
843 999 1017 1071 Aristotelis⁴
1031 1000 1218 1069 citationibus
1236 1000 1377 1075 6616666

213 1103 337 1177 Physica
360 1104 419 1175 (vel
442 1093 649 1186 6661166616
672 1100 830 1186 φυσικῶν,
858 1104 927 1165 11661
953 1120 1054 1163 renero
1078 1107 1114 1164 de
1136 1103 1290 1179 principiis
1314 1097 1376 1165 non

106 1216 107 1219 ’
214 1206 273 1287 sint
295 1206 352 1264 nisi
380 1205 466 1280 primi
498 1208 572 1277 duo:
609 1209 741 1267 nituntur
768 1207 846 1266 enim
868 1207 934 1264 loeo
958 1204 1128 1269 Aristotelis*
1147 1207 1184 1265 de
1207 1205 1290 1264 coelo
1308 1204 1376 1278 1,6

212 1307 264 1365 uhi
286 1307 352 1367 lihri
375 1309 452 1368 tertii
476 1310 511 1368 de
534 1309 647 1380 infinito
668 1311 885 1386 disputationes
908 1310 1042 1383 appellat
1057 1309 1199 1383 ancipiter
1220 1300 1300 1381 τούς
1315 1298 1377 1371 λό-

213 1428 291 1492 γους
313 1404 391 1485 τοὺς
413 1401 447 1472 ἐν
468 1410 538 1486 τοῖς
561 1407 639 1495 περὶ
665 1407 725 1488 κάς
752 1403 853 1495 ἀρχὰς
876 1402 1065 1496 εἰρημένους
1087 1399 1179 1494 ἡμῖν)
1213 1411 1310 1481 trihus
1338 1411 1376 1468 de

212 1522 296 1574 motu
318 1507 481 1602 continuari
505 1517 631 1590 prohare
643 1526 777 1577 *conatus
799 1514 1005 1591 661(395,12.
1022 1509 1375 1587 solut-eumaeo)

212 1616 253 1676 ita
274 1619 373 1692 potius
397 1621 537 1695 distingui
561 1622 756 1681 1616666616
778 1619 935 1693 prioribus
950 1618 1230 1683 commentatorihus
1252 1616 1322 1679 inde
1339 1617 1376 1675 ah

212 1717 380 1794 Andronico
413 1724 551 1783 omnihus
586 1738 724 1780 asserens
744 1723 897 1795 ,quodque
917 1723 976 1803 ita
998 1720 1060 1779 fieri
1094 1721 1190 1779 solere
1227 1720 1377 1793 necipse

213 1806 394 1898 Porphyrius
422 1824 562 1883 infitiatus
590 1834 635 1884 asa
662 1825 713 1898 (6.
739 1824 825 1882 ettam
848 1825 988 1884 66666.
1009 1825 1050 1882 66
1076 1819 1142 1895 63
1166 1828 1196 1896 p.
1213 1819 1324 1897 tuce
1347 1832 1378 1883 et

215 1922 436 2000 6112116).
481 1927 653 1993 Aristoteles
676 1935 773 2003 autem
797 1927 861 2000 ipse
885 1943 976 2001 quum
999 1926 1191 2001 Physicorum
1205 1924 1291 1982 titulo
1306 1925 1378 1997 citet

146 2082 148 2085 ,
213 2027 385 2103 uniyersum
408 2031 479 2090 illud
502 2048 577 2106 opus
599 2048 657 2093 nec
678 2031 813 2106 quintum
836 2031 933 2089 solum
961 2029 1121 2102 librumet
1142 2034 1277 2087 octavum
1300 2027 1377 2099 (1116-
1429 2032 1431 2035 ’

215 2133 293 2205 toph.
311 2129 361 2204 11,
378 2131 413 2206 S)
450 2137 502 2192 sed
531 2134 618 2192 etiam
645 2135 736 2194 libros
760 2136 796 2192 de
819 2134 901 2195 coelo
926 2141 954 2191 et
973 2129 1224 2215 degeneratione
1246 2128 1378 2203 primum

216 2233 448 2308 (Μ61666..1,8.
466 2235 495 2309 7,
513 2235 541 2294 1.
559 2235 609 2309 10,
622 2235 672 2308 c),
701 2237 858 2310 praecipue
880 2241 978 2293 tamen
1000 2232 1130 2296 nornine
1143 2232 1193 2303 illo
1216 2231 1377 2293 uniuersali

215 2350 289 2393 usus
311 2345 358 2394 est
381 2339 417 2394 de
439 2337 496 2395 illis
519 2337 602 2394 libris
627 2337 764 2395 omnihus
788 2337 901 2410 quihus,
923 2337 959 2393 de
975 2333 1259 2411 physicis'univer'se
1275 2334 1379 2407 dispu-

158 2506 161 2511 ,
215 2442 293 2499 tatur
314 2439 364 2510 (cl.
385 2439 477 2514 locos
494 2438 654 2516 aBonitnio
672 2436 938 2516 6111661665)
962 2453 1148 2512 quorumque
1171 2444 1378 2510 argumentum

216 2537 256 2596 ita
278 2540 418 2618 describit
441 2542 559 2600 llleteor.
578 2539 699 2615 1,116.
723 2550 756 2601 61
779 2543 817 2603 sit
839 2535 918 2624 recol
938 2538 1005 2601 τῶν
1024 2530 1167 2623 πρώτων
1187 2529 1303 2601 atricae
1318 2534 1378 2620 τῆς

217 2632 351 2725 φύσεως
374 2647 408 2719 (l.
426 2645 470 2704 ll.·
483 2647 518 2704 ci.
536 2643 774 2720 1,,1.184,15)
807 2655 840 2720 61
857 2638 936 2728 περὶ
957 2634 1068 2725 πάσης
1090 2632 1252 2724 κινήσεως
1275 2659 1378 2724 φυσι-

101 2802 103 2807 .
215 2743 274 2828 κῆς
297 2747 467 2820 (ill—llll)
491 2749 552 2826 sive
576 2757 608 2809 ut
631 2746 987 2826 611116661116116
1015 2764 1090 2821 quae
1110 2735 1252 2823 πάντων
1279 2738 1381 2810 κοιυυὶ

216 2843 273 2918 καὶ
294 2839 448 2914 καθόλου
471 2847 557 2912 πᾶσι
574 2851 677 2924 (eoos
694 2852 745 2910 66.
762 2853 819 2925 64)
834 2832 925 2911 ‘mota
948 2867 988 2909 sc.
1013 2858 1041 2909 a
1062 2849 1175 2908 tanniu
1198 2849 1295 2923 usque
1311 2849 1377 2907 stne

218 2951 325 3025 quihus
360 2931 459 3010 nullus
494 2969 562 3010 csse
595 2961 693 3018 motus
723 2955 835 3013 dicatur
859 2952 1037 3027 (2001620)
1071 2953 1137 3011 loco
1170 2959 1199 3009 61
1226 2967 1319 3015 vacuo
1348 2959 1380 3010 et

205 3053 506 3128 ·tempore(lll-—lV)
530 3062 559 3114 et
583 3056 689 3119 deinde
711 3050 876 3138 περὶτῶν
898 3044 1009 3118 ἄλλων
1032 3043 1191 3136 κινήσεων
1204 3050 1284 3127 (ht.
1292 3053 1377 3114 2021)

217 3153 269 3217 28.
291 3156 309 3214 i.
335 3173 359 3214 e.
372 3157 523 3232 v-Vlll).
569 3159 884 3237 lpsedisputetionem
909 3160 1006 3235 quinti
1025 3159 1091 3218 lihri
1115 3157 1208 3216 citans
1222 3153 1267 3231 (5,
1276 3156 1377 3227 2-4)

199 3261 263 3319 'his
287 3261 370 3320 libris
393 3261 535 3331 contineri
559 3263 628 3321 dicit
659 3256 701 3323 τὰ
727 3251 882 3324 καθόλου
904 3255 983 3344 περὶ
998 3251 1146 3345 ,φύσεως
1164 3258 1210 3334 (8,
1226 3257 1255 3320 5.
1270 3263 1318 3321 61.
1341 3263 1379 3320 16

218 3379 283 3438 gen.
308 3364 434 3436 6162,
456 3364 484 3425 9.
507 3363 579 3440 336,
601 3365 658 3430 13.
687 3369 724 3430 16
752 3367 945 3442 Physicorum
979 3365 1082 3440 quinto
1114 3371 1259 3429 memorat
1284 3364 1378 3437 Theo-

216 3469 408 3541 6166616616
432 3469 556 3543 epistola
574 3486 658 3543 >quae
682 3464 917 3530 eiusssteiehator
945 3471 981 3528 61
999 3469 1164 3543 Eudemum
1190 3482 1248 3526 sec.
1274 3466 1381 3540 811661.

216 3569 306 3629 4041)
323 3567 364 3630 10
386 3572 571 3644 respicientis
595 3570 830 3646 61226615);
862 3589 959 3647 neque
986 3571 1065 3631 enim
1094 3571 1173 3644 quod
1200 3570 1378 3642 deuolute,

217 3687 278 3730 666
301 3674 377 3731 valet
399 3675 435 3732 de
459 3683 542 3733 sexto
565 3675 640 3734 libro
664 3682 742 3733 arcte
765 3677 921 3734 coniuncto
950 3689 1011 3741 nec
1032 3688 1067 3731 eo
1091 3680 1169 3735 certe
1185 3671 1289 3731 minus
1312 3671 1378 3729 661-

217 3776 323 3844 yersali
361 3792 416 3834 nec
444 3777 469 3833 si
497 3779 526 3834 in
559 3778 624 3852 ipso
659 3786 760 3837 octavo
794 3779 869 3837 lihro
902 3779 1128 3852 praecedentem
1166 3775 1254 3834 huius
1282 3768 1408 3849 ipsius'

218 3879 318 3953 scripti
347 3886 460 3952 portem
494 3879 618 3954 Physica
644 3899 684 3942 sc.
714 3862 811 3955 priora
845 3882 912 3940 citat
945 3873 1131 3953 (δέδεικται
1158 3867 1322 3961 πρότερον
1343 3869 1380 3938 ἓν

217 3979 286 4055 τοῖς
310 3979 479 4062 φυσικοῖς)
513 3998 528 4038 6
555 3983 746 4057 Physicorum
772 3999 849 4041 veum
886 3983 971 4045 titulo
1004 3981 1171 4058 distinguit,
1204 3981 1379 4055 praesertim

219 4100 307 4158 quem
329 4084 394 4158 ipse
417 4086 454 4143 de
477 4084 605 4157 666164,
622 4083 642 4144 3
665 4102 732 4144 cum
753 4086 876 4161 reliquis
897 4086 974 4143 inter
993 4078 1071 4158 υούς
1091 4076 1244 4167 πρώτους
1259 4075 1379 4166 λόγους

218 4188 334 4256 referat,
379 4187 460 4244 ldem
482 4186 680 4264 1666661661
701 4190 773 4248 alias
789 4189 1110 4263 quoquephysicornm
1123 4189 1264 4248 librorum
1276 4187 1378 4262 dispu-

218 4289 344 4350 tationes
368 4290 534 4365 singulares
558 4306 594 4351 66
615 4290 734 4366 proprio
762 4290 936 4370 argumento
968 4293 1115 4368 appellare
1138 4293 1214 4352 solet
1232 4292 1320 4351 velut
1342 4292 1379 4350 de
1425 4286 1427 4290 ’
