3228 5228
807 407 868 471 tot

260 576 405 666 χρήσιμα
427 573 519 662 παρὰ
541 569 670 654 πάντας
691 575 769 653 τούς
792 570 910 659 λόγους
933 593 956 634 c.
970 577 1112 650 19-29ς
1135 608 1175 619 -
1198 577 1288 648 altera
1312 575 1420 636 deinde

151 688 153 692 ’
263 702 331 759 pars
355 682 402 761 (ct.
416 699 440 740 c.
454 681 507 760 29)
536 682 572 740 de
601 682 795 756 dispositione
822 680 949 756 partium
971 687 1037 754 agat
1070 677 1102 756 1.)
1126 675 1259 759 πρῶτον
1279 673 1347 756 μὲν,
1362 668 1420 738 ἐπὶ

262 783 330 846 τῶν
361 780 589 866 δημηγορικῶν
626 778 682 844 καὶ
714 778 979 866 προτρεπτικῶν,
998 780 1123 857 (ababa
1144 779 1198 860 39)
1233 797 1258 838 c.
1282 777 1419 841 30235.

264 881 358 964 2)τὸ
381 882 419 948 δὲ
442 879 703 968 ἐγκωμιαστικὸν
728 878 785 944 καὶ
811 875 850 946 τὸ
873 878 1091 964 κακολογικὸν
1113 883 1236 961 (laton
1253 880 1286 960 5)
1320 899 1345 942 c.
1369 879 1419 942 36.

264 985 296 1067 3)
319 978 358 1050 τό
381 1007 417 1048 τε
439 981 655 1070 κατηγορικὸν
681 981 737 1046 καὶ
759 979 799 1047 τὸ
823 980 1032 1060 ἐξεταστικὸν
1059 984 1182 1064 (14411)
1198 983 1250 1044 30.
1275 986 1311 1044 ct.
1328 983 1421 1054 1445,
1446 988 1448 990 ’

265 1088 319 1166 28)
344 1105 368 1148 c.
387 1087 438 1150 37.
456 1086 506 1149 38.
548 1090 674 1148 Additur
702 1088 786 1150 tertia
808 1105 876 1163 pars
901 1087 937 1161 (c.
955 1087 996 1148 39
1021 1087 1174 1162 usquead
1198 1085 1293 1160 1446,
1309 1085 1362 1164 35)
1386 1089 1422 1146 de

266 1192 362 1267 ipsius
384 1191 509 1249 oratoris
532 1207 647 1248 morum
670 1191 814 1264 probitate
837 1198 866 1248 et
888 1193 965 1264 apud
976 1192 1126 1249 auditores
1136 1189 1315 1249 auctoritate.
1341 1189 1423 1248 Cete-

267 1309 334 1354 rum
367 1299 399 1351 ut
421 1293 482 1366 ¹boc
504 1307 623 1366 qnoque
654 1293 791 1354 adnotent
811 1293 858 1378 in·
877 1291 1056 1366 praefatione
1083 1306 1136 1364 pro
1160 1291 1288 1350 obscuro
1310 1291 1360 1348 illo
1390 1279 1424 1351 οὶ
1525 1363 1528 1366 ,

267 1383 397 1476 Πάριοι
420 1381 594 1474 λεγόμενοι
616 1386 779 1476 σοφισταὶ
801 1394 959 1466 legandum
982 1407 1090 1452 censeo
1114 1383 1147 1452 οἱ
1169 1382 1262 1474 παρά
1273 1409 1343 1452 τισι
1354 1387 1423 1472 λε).

353 1493 540 1552 perlustratis
568 1495 614 1553 bis
643 1495 968 1570 pseudepigrapborum
994 1494 1167 1568 generibus,
1202 1509 1276 1568 qnae
1298 1493 1366 1553 licet
1388 1495 1425 1552 ab

270 1595 425 1654 Aristotele
458 1595 552 1653 aliena
583 1598 800 1670 quodammodo
830 1603 927 1653 tamen
951 1601 987 1657 ¹et
1016 1595 1197 1670 argumentis
1226 1603 1255 1654 ct
1283 1595 1426 1654 librorum

269 1695 362 1754 forma
384 1711 582 1770 sermoneque
604 1714 640 1755 ex
662 1697 827 1758 Aristotelis
851 1699 986 1772 exemplo
1010 1699 1166 1769 ducuntur,
1190 1713 1278 1772 saepe
1301 1697 1427 1755 inlibris

270 1806 299 1855 ct
320 1797 452 1869 priorum
475 1798 635 1858 sententias
659 1805 832 1856 recensente
854 1807 883 1856 et
904 1787 1050 1878 ἀπορίας
1072 1799 1270 1871 disquisitioni
1290 1798 1428 1870 praemit-

268 1905 349 1956 tente
371 1905 400 1956 et
422 1899 559 1958 historica
581 1897 740 1958 inducente
768 1899 961 1974 singulosque
986 1903 1016 1958 in
1044 1901 1108 1973 ipsa
1135 1899 1272 1958 uniuersa
1295 1901 1427 1966 doctrina

271 1999 358 2056 locos
377 2009 510 2058 accurate
534 2002 673 2076 deinceps
696 2010 846 2074 tractante,
869 2001 1058 2076 physicorum
1080 2002 1153 2058 adeo
1170 2001 1386 2074 problematum
1398 2009 1429 2060 et

271 2100 458 2175 physicarum
481 2102 669 2162 historiarum
693 2120 795 2162 rerera
814 2112 942 2174 auctore,
959 2103 1105 2175 reliquum
1121 2110 1166 2160 cst
1177 2102 1320 2162 librorum
1333 2117 1429 2177 genus

271 2210 301 2260 ct
322 2202 484 2260 sententiae
511 2203 624 2262 ratione
650 2214 679 2262 et
706 2204 913 2278 disputationis
940 2205 1032 2262 forma
1059 2205 1095 2262 ab
1118 2203 1284 2264 Aristotelis
1308 2205 1429 2279 ingenio

272 2303 360 2376 plane
382 2305 525 2364 recedens
548 2321 602 2364 ncc
626 2307 685 2364 ullo
710 2305 910 2366 similitudinis
932 2305 1055 2392 vestigio
1078 2305 1109 2362 in
1132 2307 1255 2365 serratis
1272 2307 1336 2366 eins
1348 2308 1429 2366 libris
1533 2379 1537 2384 ,

274 2403 480 2478 significatum,
510 2406 704 2480 dialogorum,
727 2407 776 2480 qui
801 2407 825 2464 si
848 2409 904 2465 alia
927 2415 996 2466 sunt
1017 2422 1093 2480 qnae
1116 2408 1284 2484 disputandi
1307 2411 1430 2468 t'ornram

273 2506 479 2577 sermonisque
501 2515 530 2564 et
552 2509 659 2580 gratias
687 2516 715 2566 et
736 2516 869 2566 tenorem
896 2508 984 2566 nimis
1012 2509 1177 2582 negligunt,
1205 2527 1241 2569 eo
1264 2510 1327 2583 ipso
1351 2513 1431 2584 quod

273 2605 396 2664 nimium
419 2608 528 2666 formae
551 2611 717 2670 concedunt
732 2611 915 2684 damnantur.
951 2609 1044 2676 eram
1061 2611 1259 2670 diversitatem
1274 2613 1432 2672 accedente

274 2709 438 2786 argumenti
462 2716 564 2770 natura
586 2695 765 2784 populariter
787 2709 897 2784 scripti,
922 2710 1007 2770 cuius
1030 2712 1072 2770 rei
1096 2713 1193 2786 ipsum
1216 2709 1430 2774 consiliumab

273 2811 438 2871 Aristotelis
470 2819 568 2870 mente
599 2814 747 2883 abhorret,
782 2813 819 2870 ita
848 2821 1007 2872 senserunt
1035 2822 1148 2874 veteres
1176 2824 1207 2876 ut
1229 2816 1431 2890 explicationis

274 2913 400 2984 quadam
434 2913 639 2985 desperatione
672 2913 887 2975 exotericorum
920 2915 1062 2974 librorum
1095 2917 1162 2976 licto
1197 2918 1365 2978 discrimine
1395 2919 1431 2976 ab
1529 2991 1530 2994 ρ
1609 2973 1612 2982 .

275 3012 475 3071 acroamatieis
498 3010 530 3087 (i.
555 3030 579 3072 e.
603 3003 896 3095 αι’ντοπροσιόποις)
924 3031 976 3074 eos
1005 3025 1034 3074 et
1057 3019 1208 3078 esotericis
1232 3021 1431 3099 seiungercnt,

274 3127 346 3170 voce
378 3115 424 3172 usi
448 3131 535 3187 quam
563 3118 637 3177 male
664 3117 869 3176 intellexerant
894 3117 989 3191 ipsius
1012 3119 1186 3182 Aristotelia.
1231 3123 1433 3200 Dubitationes

276 3213 355 3270 enirn
387 3213 454 3272 illae
482 3223 511 3273 et
538 3217 727 3289 quaestiones
754 3233 829 3290 qnae
856 3218 950 3290 ipsam
979 3236 1036 3291 qua
1065 3222 1246 3282 diluerentur
1273 3225 1434 3288 doctrinam

276 3315 374 3378 solent
396 3317 572 3390 praecedere
596 3317 756 3394 (tamquam
779 3314 1076 3401 πεφροιμιασμένα
1097 3319 1143 3406 τῷ
1164 3317 1253 3408 λόγῳ
1265 3327 1348 3385 Polit.
1362 3325 1391 3399 7,
1400 3325 1432 3404 1)

277 3417 312 3476 cl.
336 3419 460 3492 Metapb.
481 3417 556 3491 2,1.
592 3421 628 3477 de
651 3435 696 3476 an.
714 3417 744 3492 1,
761 3420 789 3478 2.
824 3423 905 3480 Anal.
929 3431 1005 3496 post.
1028 3424 1196 3498 2,1.9τιο.,
1231 3430 1433 3494 eae-aliorum

277 3513 452 3594 plerumque
475 3529 503 3580 et
525 3521 691 3596 aequalium
715 3538 730 3580 e
754 3523 907 3583 sententiis
920 3522 970 3599 (ci.
983 3527 1107 3600 lletaph.
1121 3527 1150 3601 2,
1164 3526 1182 3587 1
1195 3530 1247 3606 in,
1263 3528 1433 3609 Τορ.1,14)

275 3623 507 3694 repugnantibus
541 3625 681 3682 deductae
709 3633 779 3684 sunt
805 3626 867 3686 sive
897 3635 928 3684 ut
955 3629 1073 3702 saepius
1102 3631 1177 3690 dicit
1198 3633 1370 3698 Aristoteles
1398 3649 1433 3692 ex

277 3723 432 3782 exotericis
464 3724 526 3782 sive
554 3725 681 3783 externis
710 3728 898 3786 sermonibus
926 3727 957 3800 (i.
983 3745 1008 3788 e.
1032 3748 1091 3792 non
1116 3735 1195 3806 suis,
1214 3751 1282 3800 ,non
1304 3735 1433 3808 propriis

278 3822 313 3880 ct'.
337 3815 530 3905 ἐξωτερικαὶ
566 3816 707 3909 πράξεις
740 3821 833 3910 παρὰ
865 3824 926 3904 τὰς
959 3823 1083 3906 οἰκείας
1115 3835 1176 3894 Pol.
1194 3833 1223 3908 7,
1240 3834 1270 3896 3.
1316 3829 1434 3910 ἐξαιτε-

277 3920 439 4010 ρικιοτέρα
455 3921 575 4012 σκέψις
586 3929 625 3985 ib.
639 3927 668 4002 1.,
681 3927 713 4003 5,
725 3947 791 4004 opp.
816 3923 1024 4022 οἰκειώττρον
1036 3937 1126 3996 lltltic.
1141 3935 1169 4010 1,
1183 3937 1233 3996 12.
1257 3931 1302 4012 ἐξ.
1315 3929 1436 4021 ἀγαθοὶ

277 4027 338 4085 Pol.
351 4025 412 4100 nt
429 4051 464 4080 =
479 4022 521 4090 τοὶ
544 4019 661 4111 κύκλῳ,
685 4031 771 4089 Stalrr
792 4034 879 4094 Arist.
895 4035 1005 4109 [1,272
1027 4038 1112 4099 cuius
1134 4040 1222 4116 plane
1244 4043 1367 4100 contusa
1387 4047 1436 4100 est

278 4129 314 4190 dc
337 4131 391 4188 hae
413 4132 586 4204 quaestione
613 4133 770 4206 disputatio
786 4139 810 4194 ll
831 4155 860 4212 p.
878 4137 1057 4214 aar—279,
1097 4157 1184 4216 quam
1212 4143 1274 4202 fere
1301 4141 1436 4216 sequitur

279 4230 403 4290 Brandis
425 4233 513 4292 Arist.
530 4235 550 4307 l,
568 4231 717 4313 tot-a),
746 4239 866 4322 omnino
893 4241 942 4300 ille
966 4257 1024 4300 non
1049 4244 1085 4302 de
1108 4243 1191 4302 libris
1215 4245 1331 4320 scriptis
1354 4244 1436 4319 eogi-

279 4338 344 4390 tans
367 4334 424 4392 nisi
447 4351 499 4408 per
521 4337 802 4408 accideuanedum
824 4344 860 4400 de
876 4343 939 4402 sois
962 4344 1056 4418 ipsius
1080 4347 1133 4404 sed
1157 4347 1193 4405 de
1216 4347 1436 4420 receptistunc

278 4435 419 4506 temporis
444 4436 472 4494 in
496 4431 684 4524 philosophia
709 4442 781 4501 locis
810 4441 856 4519 (ci.
882 4445 1016 4504 tticbalet
1037 4449 1073 4505 ad
1094 4449 1157 4506 Eth.
1183 4450 1228 4506 ed.
1243 4449 1266 4506 ll
1281 4466 1310 4522 p.
1321 4447 1365 4508 29
1377 4446 1435 4523 sq.)
