3196 5232
710 409 772 482 m

163 589 202 650 ita
224 590 423 650 Andronicum
448 591 582 650 refutarit
603 592 768 652 Alexander
790 566 883 668 (apud
906 575 1007 650 Boeth'.
1032 593 1098 651 Seh.
1123 591 1170 650 Br.
1186 589 1227 652 ot
1242 594 1319 665 not.)

163 701 196 751 nt
218 695 305 752 verha
339 694 387 752 illa
417 695 525 768 quihus
548 693 578 751 in
602 689 756 766 disciplina
791 689 866 767 quae
899 700 945 752 est
967 696 1003 752 de
1026 695 1121 752 anima
1142 695 1257 752 tractari
1281 694 1321 782 ait

162 789 204 855 τοὶ
227 785 419 878 παθήματα
440 791 499 875 τῆς
520 791 629 876 ψυχῆς
651 810 727 868 qnae
739 795 798 854 sint
817 783 1018 871 ’ὁμοιώματα
1040 793 1106 853 τῶν
1118 784 1321 876 πραγμάτιον
1370 785 1373 790 ’

27 949 30 956 ,
164 897 205 967 (o.
222 895 240 954 1
258 897 297 955 in.
328 898 362 954 ei.
388 888 540 976 σύμβολα
562 894 628 956 τῶν
640 889 673 958 ἐν
685 895 726 979 τῇ
741 895 832 982 ψυχῇ
843 897 893 970 16,
907 895 935 956 3.
949 895 1015 953 ath
1027 895 1056 953 2.
1074 895 1208 954 similiter
1222 905 1319 956 tannen

67 1060 85 1084 .-
164 1001 254 1074 Soph.
273 997 345 1073 165,
361 998 391 1060 8.
414 1001 498 1058 llhet.
516 998 610 1070 1404,
626 998 683 1071 21.)
705 1032 745 1040 -
773 1008 819 1058 est
844 999 923 1056 enim
949 997 1027 1055 idom
1054 997 1271 1069 quodammodo
1298 986 1319 1078 ἦ

165 1093 328 1183 αἴσθησις
343 1111 372 1162 et
393 1091 413 1184 ἡ
438 1091 551 1182 νόησις
574 1118 607 1159 ae
628 1093 669 1160 τὰ
693 1091 844 1181 αἶσθητᾶ
864 1108 892 1158 et
913 1092 1014 1182 νοητὰ
1029 1101 1123 1157 dean.
1138 1093 1167 1168 3,
1179 1095 1319 1156 8=ete.-—
1353 1109 1375 1172 J
1452 1169 1454 1174 Ι
1495 1169 1498 1174 1

163 1219 223 1261 non
255 1206 431 1279 discipulum
465 1203 564 1278 polius
592 1215 705 1280 sapere
726 1203 885 1276 suspiceris
919 1197 1005 1278 quam
1033 1200 1128 1276 ipsius
1154 1198 1319 1258 Aristotelis

164 1305 280 1364 dicentii
303 1307 448 1364 modum.¹
479 1303 669 1362 Definitiones
693 1305 820 1380 denique
843 1305 1075 1380 quihusanetor
1096 1300 1320 1374 lihruminoipit
1358 1383 1360 1390 Α

95 1485 97 1488 ¹
164 1406 236 1480 ipsis
259 1408 357 1466 varhis
385 1423 421 1465 ex
450 1407 579 1480 magistri
603 1406 719 1464 Poetiea
753 1415 853 1482 utpote
881 1424 897 1465 a
925 1393 1025 1466 sehola
1052 1411 1184 1477 receptas
1210 1409 1239 1461 et
1261 1401 1318 1460 iam
1360 1455 1362 1460 .

165 1507 361 1568 immutabiles
385 1509 540 1582 descripsit
562 1515 591 1567 et
603 1498 767 1588 ὀνόματος
778 1511 818 1582 (ο.
832 1509 852 1567 2
867 1531 902 1560 =
917 1506 1061 1568 Ροο1.20.
1075 1503 1317 1576 1457,10-12.

164 1611 201 1668 el.
226 1612 311 1669 etiam
333 1609 451 1684 1113.
474 1607 597 1673 161132
622 1620 650 1670 et
672 1613 751 1670 Poet.
780 1627 804 1669 e.
822 1609 860 1669 21
882 1611 933 1682 in.‚
962 1607 1055 1681 1457,
1072 1605 1122 1668 31.
1147 1609 1182 1665 ef.
1199 1607 1257 1679 12)
1289 1607 1327 1666 αι’

18 1745 20 1804 p
165 1703 312 1792 ῥήματος
325 1717 364 1789 (e.
373 1713 401 1773 3.
415 1715 536 1772 elloet.
550 1711 643 1784 1457,
657 1712 706 1772 14.
720 1712 969 1796 προσοημαῖοον
977 1702 1096 1796 χρόνον
1107 1713 1142 1770 al.
1155 1708 1249 1780 1457,
1262 1708 1319 1782 17)

17 1811 19 1880 i
84 1890 88 1896 ι
139 1806 691 1897 1110111114.11145113»
727 1817 762 1875 ei.
786 1814 939 1887 16111117,
956 1812 996 1876 25
1026 1805 1096 1876 ἔστι
1124 1807 1162 1874 δὲ
1190 1797 1238 1884 οἷς
1262 1799 1319 1872 λό-
1435 1889 1439 1894 .

17 1899 19 1916 ι
164 1925 290 1996 pagate.
315 1925 344 1975 et
360 1915 452 1989 1457,
469 1916 520 1990 28,
556 1921 733 1994 qrromqnam
767 1919 935 1977 huiusmodi
970 1919 1090 1994 quidem
1116 1914 1320 1974 distinctiones

164 2021 270 2080 breves
292 2033 380 2092 saepe
403 2020 442 2078 ita
464 2021 568 2078 iisdem
597 2021 658 2080 iere
679 2021 777 2080 verhis
803 2028 836 2079 nt
858 2039 916 2094 par,
933 2029 994 2081 erat
1015 2027 1127 2094 repetat
1150 2018 1320 2076 Aristoteles

164 2123 215 2195 (ei,
241 2123 277 2179 de
304 2123 358 2178 hae
385 2121 448 2194 ipsa
470 2122 582 2197 Analyt.
607 2129 683 2194 post.
704 2122 737 2193 2,·
751 2105 802 2181 10.
822 2119 887 2182 931)
903 2119 954 2181 35.
989 2123 1062 2179 mira
1093 2137 1164 2178 vero
1196 2109 1326 2192 prorsus

153 2229 234 2281 ¹sunt
256 2223 305 2280 illa
327 2223 451 2296 Metaph.
467 2222 498 2295 8,
514 2225 543 2281 4.
561 2221 669 2284 totth
685 2222 813 2285 t.2-‚-14
840 2240 915 2296 qliae
938 2225 1041 2288 eadem
1063 2237 1186 2295 prorsus
1208 2227 1240 2277 nt
1262 2221 1319 2276 Bo-

164 2305 1317 2400 nwmpmmwwmmmmwffimu

163 2427 204 2484 Ex
227 2441 353 2499 qnorum
376 2428 508 2486 loeorum
532 2429 722 2488 similitudi-ne
746 2445 836 2502 quum
858 2434 927 2500 post
948 2426 1064 2494 Poetiea
1087 2425 1227 2497 scriptum
1251 2438 1319 2484 esse
1435 2431 1438 2439 '

16 2561 17 2584 t
73 2595 77 2602 Ι
163 2527 269 2586 librum
294 2527 329 2585 de
353 2529 553 2588 enuntiatione
577 2538 690 2589 eertum
713 2531 868 2606 sitneque
892 2530 920 2586 in
945 2529 1039 2603 ipsius
1051 2523 1214 2584 Aristotelis
1230 2525 1319 2583 lihro·

43 2633 45 2640 ’
123 2645 127 2650 ·
163 2643 229 2687 rum
253 2630 329 2688 serie
352 2631 435 2688 loeus
458 2640 526 2705 post
548 2633 665 2692 Paetina
676 2635 852 2693 doneedatnr
862 2633 938 2691 lihro
949 2631 1054 2704 logica
1078 2629 1192 2703 aequali
1204 2626 1319 2686 cuidam

164 2731 357 2804 Theophrasti
381 2747 417 2789 eo
440 2733 553 2793 laellius
588 2735 667 2792 hune
689 2735 795 2792 lihrnm
824 2734 923 2792 trihno
950 2733 1030 2805 quod
1056 2738 1159 2790 auetor
1181 2737 1209 2787 et
1231 2729 1320 2788 hnins

127 2817 130 2826 ¹
163 2831 257 2905 ipsius
281 2834 317 2890 de
339 2833 531 2892 affirmatione
553 2842 582 2892 et
603 2835 759 2908 negatione
781 2835 905 2893 fortasse
928 2835 1003 2893 libro
1015 2842 1044 2892 et
1065 2834 1196 2905 „iisdem
1209 2831 1321 2904 aliquot
1353 2893 1356 2897 ,

164 2915 283 2992 'verbis’'¹
309 2935 384 3007 (see.
410 2935 523 3007 Boethii
547 2935 646 3006 illex.)
680 2951 756 3000 usus
789 2943 834 2994 est
868 2937 962 3008 (certe
986 2937 1063 2994 enim
1091 2937 1148 2996 hoo
1169 2950 1318 2994 eonsensn

165 3051 261 3109 uenite
287 3035 453 3095 Aristotelis
487 3036 644 3094 auotoritas
677 3043 738 3094 tnta
765 3043 811 3094 est
837 3044 869 3094 ut
894 3038 986 3096 voluit
1013 3038 1137 3096 Brundis
1162 3038 1229 3110 Org.
1246 3033 1319 3109 265,

158 3153 219 3196 ‘neo
233 3155 236 3160 ·
252 3137 326 3196 liher
359 3138 453 3212 ipsius
486 3119 619 3212 magistri
646 3137 696 3212 qui
727 3138 844 3212 utrique
876 3139 988 3200 auctori
1016 3141 1206 3200 fundamento
1233 3140 1321 3220 tuerit

164 3239 261 3312 aliqua
288 3239 549 3299 verisimilitudinis
581 3241 679 3315 speeie
717 3239 841 3297 eflicitur
875 3248 907 3298 nt
935 3241 1102 3315 Gnmposeh
1124 3243 1143 3299 l.
1169 3257 1193 3300 o.
1217 3233 1320 3314 pat.)

164 3347 194 3400 et
215 3342 348 3400 eiusdem
371 3343 561 3417 Theophrasti
592 3343 673 3402 voris
699 3331 865 3424 ἐπιστήμη
881 3343 1098 3422 ,etymologiam
1121 3332 1190 3414 (ὅτι
1204 3333 1321 3422 ’ἵστησι

163 3435 223 3526 τὴν
246 3436 354 3530 propria
382 3447 417 3502 el.
441 3445 632 3518 Theophrast.
666 3461 711 3519 ap.
737 3446 803 3504 Sah.
828 3441 1022 3515 urata-13
1050 3452 1078 3503 et
1099 3445 1220 3516 longum
1247 3443 1320 3503 illud

21 3567 26 3574 ·
58 3579 62 3586 ·
166 3561 200 3603 ex
223 3537 423 3618 Theophrasto
446 3549 511 3605 sine
532 3549 593 3608 ullo
618 3549 706 3607 dnhio
731 3553 900 3620 excerptum
916 3535 952 3603 ¹in
976 3542 1213 3618 rr0u1.30‚1t;
1235 3561 1323 3619 praa,

165 3653 245 3704 terea
265 3647 443 3707 Pseudarist.
456 3649 543 3724 Phys.
562 3649 591 3722 7,
608 3647 637 3710 3.
654 3649 741 3742 2471)
755 3647 850 3710 10-
862 3645 934 3720 248,
952 3646 986 3720 6)
1009 3655 1109 3721 aperte
1120 3647 1240 3720 respicit
1251 3662 1276 3704 e.
1290 3643 1319 3707 3.

165 3746 232 3808 161)
253 3747 303 3810 20.
349 3749 485 3808 Ceterum
514 3752 539 3809 si
567 3756 647 3826 qnod
673 3755 709 3812 ad
736 3753 830 3828 ipsam
860 3751 1020 3814 doctrinam
1048 3749 1211 3823 expositam
1234 3752 1320 3824 plane

47 3908 50 3914 ,
165 3858 194 3908 et
217 3851 323 3924 dignus
348 3859 393 3910 est
414 3850 531 3912 libellus
559 3863 677 3913 anctore
704 3855 860 3914 Aristotele
883 3885 924 3896 —-
942 3852 1031 3926 'quod
1058 3851 1135 3910 euim
1164 3852 1199 3908 de
1219 3867 1321 3936 'ennu-

163 3953 284 4011 tiatione
317 3954 503 4027 hypothetica
537 3962 565 4014 et
593 3957 767 4016 disiunctiva
800 3973 886 4032 agere
920 3955 1048 4029 neglexit
1081 3954 1112 4012 in
1139 3951 1264 4027 simplici
1293 3961 1322 4011 et

166 4035 313 4113 communi
337 4055 546 4114 enuntiationis
570 4059 654 4130 quasi
676 4045 745 4133 typo
768 4068 925 4120 contentus
947 4059 976 4118 id
991 4054 1320 4130 landipotinsauetoris

166 4157 218 4214 des
242 4171 328 4230 quam
352 4158 574 4230 reprehensioni
598 4161 742 4218 —etin
766 4163 920 4221 sententiis
942 4159 1131 4220 consentiens
1160 4159 1200 4216 ita
1221 4163 1253 4216 nt
1275 4173 1321 4216 ar-

166 4258 395 4331 gumentoinde
418 4262 593 4340 sententiam
621 4262 820 4340 confirmantia
848 4266 907 4338 p‘eti
934 4245 1144 4339 nonpossint,
1171 4265 1268 4316 tumen
1292 4263 1321 4316 et

166 4360 195 4417 in
219 4360 414 4436 dispositione
437 4362 489 4434 (el.
514 4363 637 4422 Brandis
650 4363 718 4447 Org.
735 4361 808 4435 264,
825 4364 942 4430 Aristot.
957 4369 977 4440 l,
991 4365 1053 4428 173
1066 4353 1128 4442 sq.)
1144 4367 1320 4426 offendimus

165 4467 194 4518 et
227 4459 257 4518 iu
292 4462 438 4522 sermonis
472 4480 588 4538 genere.
639 4466 703 4533 Qtro
739 4466 863 4526 maximo
897 4477 1068 4542 argomento
1103 4461 1321 4546 categoriarum
1385 4519 1387 4526 ,
