2954 5034
667 371 707 432 57

112 537 160 610 (11,
176 537 262 612 207).
320 542 385 613 lpse
423 521 493 600 vero
528 543 577 615 qui
615 543 743 601 creditur
778 545 949 605 Aristoteles
988 563 1024 605 ex
1057 547 1173 621 Ephoro
1207 547 1265 604 iarn

67 670 68 673 =
111 639 225 698 videtur
247 643 384 700 hausisse
407 645 443 700 31.
467 644 579 703 llerael.
597 643 626 717 5,
643 644 671 702 2.
697 646 728 702 D.
740 647 776 703 L.
794 646 823 719 1.,
840 646 890 707 98.
913 649 1003 707 111361.
1021 647 1263 708 93163331359.

111 743 218 814 Ephor.
236 745 269 801 11.
287 740 359 803 105.
416 743 500 812 Quod
524 754 620 803 autern
645 746 674 803 16
695 747 762 806 eins
789 749 897 820 politiis
924 766 984 807 non
1007 751 1144 808 minimae
1167 759 1265 824 partes

110 852 194 902 erant
216 847 379 904 fabularum
408 853 436 904 ct
455 846 745 910 narratiunculamm
774 835 880 922 (31.11.
905 848 976 910 107.
1001 849 1072 908 111.
1096 850 1167 910 119.
1192 850 1263 910 124.

112 941 184 1004 129.
208 943 495 1006 1381431681).
521 944 591 1008 170.
617 946 688 1008 176.
713 948 784 1010 177.
809 950 880 1010 199.
904 948 976 1009 230.
994 948 1087 1011 2333.
1104 951 1265 1026 2393163-

109 1046 188 1105 xime
214 1047 458 1107 1363616124
491 1050 619 1108 auctoris
652 1053 696 1108 vel
724 1052 933 1110 miraculorum
960 1052 1085 1126 ineptias
1112 1055 1264 1128 captantis.

112 1147 145 1204 11.
164 1145 251 1208 1681)
274 1157 303 1208 31
326 1149 388 1209 199
418 1166 435 1208 3
462 1151 618 1209 Parthenio
651 1152 748 1211 sunna
780 1153 928 1227 pertinent
960 1155 1085 1213 tortasse
1113 1152 1149 1213 ad
1178 1154 1264 1214 Arist.

110 1249 234 1322 Erotica‚
258 1260 290 1310 ut
312 1253 344 1310 fr.
361 1249 450 1311 2331)
472 1254 509 1310 36
532 1252 640 1310 librum
655 1254 691 1310 de
707 1242 912 1330 Pythagoreis)
936 1255 1127 1314 delectatione
1140 1249 1288 1330 quadam

110 1366 185 1421 quae
207 1354 293 1425 plane
316 1371 352 1413 ax
375 1370 457 1413 more
480 1363 526 1414 est
546 1356 737 1430 Theophrasti
761 1365 985 1432 ceterorumque
1007 1357 1266 1430 Peripateticorum

110 1447 362 1528 (31.-63Ρ361133
385 1455 687 1536 Μ111131·11,19936.)
719 1459 903 1531 traditarum,
939 1459 1000 1517 sive
1027 1458 1179 1516 hominum
1207 1459 1267 1516 cla-

110 1568 210 1611 rorum
232 1557 307 1615 vitas
327 1557 474 1616 illustrant
496 1558 558 1635 (1.4.
574 1557 661 1636 230)-
677 1560 740 1618 sive
761 1562 939 1634 populorum
961 1575 1059 1618 mores
1083 1569 1111 1618 et
1134 1561 1267 1620 instituta

110 1656 189 1713 varia
212 1656 274 1731 (94.
294 1656 344 1719 95.
359 1657 421 1720 205
435 1658 503 1738 313.)
527 1668 555 1719 31
577 1677 594 1718 3
616 1677 675 1734 quo
699 1659 728 1718 in
752 1661 878 1735 singulis
901 1661 1014 1719 initium
1040 1662 1156 1720 ducitur
1170 1662 1266 1720 nomi-¹

109 1773 188 1815 num¹
204 1760 334 1834 origines
356 1769 386 1820 et
407 1753 530 1834 κτίσεις
551 1762 637 1838 (Plut.
654 1778 713 1820 non
725 1779 815 1836 posse
828 1756 911 1821 snav.v
923 1760 975 1840 10)
1000 1764 1145 1837 explicant
1166 1765 1266 1821 'sumto

109 1875 163 1932 pro
175 1864 403 1938 genealogorum
415 1880 497 1923 more
511 1863 662 1921 conditore
673 1866 853 1940 homonyme
866 1863 913 1940 (31.
925 1863 953 1922 1.
963 1862 1014 1924 89.
1026 1850 1263 1924 118127131.

44 1997 58 2047 j
109 1957 181 2020 129.
205 1961 373 2034 135138.
398 1964 469 2025 171.
494 1962 715 2024 186192-
738 1967 858 2024 omnino
881 1965 960 2023 enim
982 1968 1266 2026 auetormultusest

109 2063 138 2120 in
161 2067 287 2139 mythica
309 2074 402 2125 aetate
425 2069 460 2124 31.
485 2065 556 2124 122.
580 2064 652 2127 130.
678 2063 931 2139 164.165.167;
955 2069 1035 2140 quod
1058 2070 1095 2126 36
1110 2056 1265 2141 proverbia

100 2181 184 2237 tynae
207 2176 238 2227 ut
262 2184 297 2225 ex
320 2169 384 2225 aliis
406 2169 486 2224 velut
509 2184 525 2224 3
548 2167 678 2241 physicis
702 2163 1264 2243 831131.13131637(3616636116),

109 2282 145 2323 ex
179 2268 283 2326 ethicis
318 2266 368 2343 (ib.
391 2265 522 2344 61221),
554 2264 600 2326 vita
627 2284 671 2325 -ex
704 2267 812 2340 politiis
851 2267 976 2324 maxime
1004 2268 1177 2326 hauriebant
1204 2284 1264 2325 am-

107 2368 241 2441 plissime
264 2377 396 2428 enarrata
418 2369 643 2442 proverbiorum
665 2370 838 2429 collectores
860 2368 1039 2441 posteriores
1061 2371 1141 2428 velut
1156 2358 1263 2429 Zenohss

108 2466 207 2543 5,11.
229 2468 428 2544 4611313117,
446 2467 487 2529 25
510 2471 550 2529 113
572 2479 605 2529 61
626 2484 724 2544 noque
747 2469 835 2528 ceteri
854 2469 908 2542 'qui
931 2471 968 2528 63
991 2472 1153 2543 proverbiis
1177 2465 1268 2531 citant

39 2610 43 2611 ν
107 2570 293 2630 Aristotelem
314 2588 540 2646 -numquam
567 2573 644 2632 enim
675 2573 750 2631 liber
775 2573 840 2646 ipsc
863 2571 949 2629 Arist.
979 2573 1016 2630 63
1037 2574 1202 2646 proverbiis
1225 2575 1266 2633 ci·

64 2665 66 2668 ’
109 2681 186 2732 tatur
208 2673 388 2732 —aliunde
412 2675 557 2734 sumsisse
580 2674 700 2748 putandi
724 2674 783 2731 sint
804 2705 853 2735 —--,
873 2673 908 2728 31.
931 2672 1014 2730 13333
1039 2688 1128 2760 snpra
1150 2676 1264 2749 3113133,
1313 2736 1315 2741 ,

109 2775 265 2849 praecipue
289 2773 449 2834 143168.
468 2766 556 2853 tto),
582 2777 620 2835 ‘id
647 2777 721 2834 adeo
754 2775 839 2832 abest
871 2773 907 2831 ab
934 2773 1100 2833 Aristotelis
1128 2790 1210 2834 more
1234 2769 1266 2834 ’31

109 2878 228 2953 ingenio
252 2878 301 2950 mii
325 2879 350 2935 si
372 2879 402 2935 16
426 2878 529 2936 ethicis
557 2886 585 2936 et
606 2877 733 2951 politicis
760 2892 796 2934 ex
818 2876 909 2933 rebus
925 2877 1027 2950 vgestis
1051 2884 1080 2935 et
1101 2879 1265 2952 proverbiis

110 2981 243 3053 exempla
277 2979 356 3037 ducit
375 2962 544 3038 *actionum
571 2988 601 3039 et
628 2979 839 3038 sententiarum
871 2993 905 3036 33
932 2977 1025 3052 magis
1054 2978 1149 3039 obiter
1176 2981 1267 3055 tangit

110 3092 199 3156 qnam
221 3081 295 3155 ipsis
317 3083 408 3141 rebus
435 3083 568 3157 gaudens
597 3088 738 3154 enarrat,v
754 3081 856 3155 paucis
884 3081 1009 3138 sortasse
1036 3081 1109 3140 locis
1136 3082 1266 3156 exceptis

110 3176 145 3243 36
174 3183 386 3257 discipulorum
412 3183 469 3243 iam
497 3200 610 3242 moreni
637 3184 846 3243 accedentibus
872 3185 952 3242 velut
979 3184 1015 3241 de
1042 3183 1159 3241 Thalete
1181 3184 1265 3241 Polit.

111 3284 196 3359 1,11
231 3285 331 3361 (quern
358 3288 456 3344 locum
484 3287 629 3361 excerpsit
656 3286 856 3360 Hieronymus
880 3285 909 3343 in
938 3284 1155 3342 commentariis
1178 3284 1210 3341 D.
1233 3285 1266 3341 L.

111 3388 139 3462 1,
153 3387 219 3465 2613
244 3380 334 3462 qnare
357 3371 403 3446 vel
426 3389 455 3446 in
468 3389 591 3448 Eudemi
613 3389 723 3446 Ethicis
746 3387 885 3444 historica
900 3386 1081 3443 illanberius
1094 3386 1268 3457 plerumque

111 3491 294 3565 explicantur
306 3491 341 3547 31.
359 3487 452 3561 1214,
466 3488 494 3546 1.
512 3487 669 3561 121510.
683 3485 794 3544 12231)
805 3485 856 3542 22.
871 3481 964 3555 1231,
978 3481 1029 3542 17.
1043 3483 1078 3540 31.
1093 3480 1122 3555 1.,
1135 3483 1155 3540 4
1161 3500 1169 3556 ;
1183 3480 1202 3542 5
1215 3517 1266 3570 ᾗ,

112 3600 143 3651 ut
164 3592 233 3648 licet
259 3607 348 3665 supra
375 3589 544 3647 memoratis
571 3596 600 3647 et
626 3586 806 3660 antiquiores
834 3585 943 3644 luerint
969 3584 1087 3658 politiae
1114 3601 1187 3658 quas
1210 3585 1266 3644 iam

110 3695 245 3753 'limaeus
273 3692 434 3750 acerrimus
456 3690 505 3748 ille
526 3689 691 3748 Aristotelis
713 3689 909 3760 reprehensor
930 3687 960 3744 in
976 3685 1065 3744 huius
1080 3689 1267 3762 nomenplns

112 3796 261 3869 sexaginta
285 3795 370 3854 annis
393 3801 460 3852 ante
482 3792 589 3851 mortni
613 3797 746 3863 receptas
768 3789 850 3846 novit
877 3788 1268 3872 (1116.36.Ρ()111).12,9,2

112 3899 156 3955 ed.
182 3898 269 3955 Gran.
295 3895 408 3970 pata
423 3893 516 3956 1392.
540 3895 644 3952 Athen.
658 3890 708 3963 11,
721 3890 796 3964 464)
821 3897 849 3948 31
871 3887 1034 3964 argumenti
1057 3891 1189 3951 ubertate
1210 3893 1268 3950 uti-

111 3999 201 4057 liores
225 3995 362 4076 (maxime
386 4014 461 4073 3633
484 3996 577 4071 prima
600 3996 653 4054 1611
674 3992 862 4052 Atheniensis
886 4007 922 4050 ex
945 4010 1003 4067 qna
1026 3992 1051 4051 si
1073 3993 1192 4066 politica
1207 3995 1268 4053 fere

112 4102 176 4158 sola
197 4099 330 4158 instituta
352 4106 565 4171 memorantur,
586 4098 622 4155 td
645 4097 749 4171 partim
773 4096 897 4153 debetur
924 4093 1268 4168 lexici'llarpocrationis

113 4203 272 4275 fragmenta
283 4202 408 4274 plurima
420 4200 633 4275 suppeditantis
645 4197 777 4276 naturae)
802 4214 868 4256 cnm
880 4194 1075 4267 Theophrasti.
1094 4196 1154 4252 lere
1170 4196 1268 4267 legum

112 4303 196 4361 libris
218 4303 288 4375 (013.
306 4303 407 4360 63116.
425 4301 498 4379 5,’4)
515 4302 728 4376 comparandae
751 4301 799 4377 (31.
814 4297 980 4357 Dicaearchi
992 4297 1108 4371 politius
1120 4296 1154 4354 fr.
1167 4294 1266 4355 2021

113 4401 216 4484 nult),
240 4405 276 4462 ah
299 4404 454 4464 Aristotele
476 4407 541 4480 ipso
566 4421 616 4463 eas
639 4402 866 4476 nonprolcctas
890 4416 958 4459 3333
983 4417 1035 4474 pro
1060 4398 1268 4458 certointelli-
