2954 5048
759 320 846 415 teo

212 529 330 589 ltleteor.
350 525 379 596 2,
394 523 422 582 6.
441 520 514 596 :tou
528 522 592 582 als
609 516 672 586 ὅσα
694 518 740 606 μὴ
764 515 969 606 συμβέβηκεν
991 517 1024 584 ἐν
1046 523 1116 597 τοῖς
1138 512 1378 605 προβλήμασιν

211 619 372 711 εἰρῆσθαι
392 624 463 698 τοῖς
485 619 570 686 κοινοὶ
591 623 704 710 μέρος.
749 626 830 694 Quae
844 627 977 700 ¹quidem
1000 627 1166 687 Aristotelis
1189 627 1378 700 problemata

210 740 240 792 et
262 731 349 790 nobis
377 728 527 801 deperdita
554 736 583 786 et
608 727 772 801 antiquitus
804 727 861 786 iam
888 728 963 802 ipsis
985 728 1105 788 Graecis
1139 734 1230 802 quum
1253 735 1378 801 propter

211 839 416 908 argumentum
439 829 537 888 minus
560 831 772 888 notabiletum
795 838 916 903 propter
937 831 1061 888 aliorum
1083 838 1235 888 auctorum
1260 831 1377 889 similes

211 937 302 994 libros
325 932 484 1006 plurimos,
511 933 595 989 nullo
624 931 843 990 mododubito
854 950 861 966 ³
872 931 942 1004 quin
966 932 1201 1016 ayposteriornm
1224 933 1384 1006 Peripate*

154 1075 155 1078 κ
211 1039 334 1096 uicorum
358 1032 572 1092 consuetudine
590 1032 680 1092 *citius
704 1043 782 1090 nunc
805 1049 925 1106 quoque
948 1041 1138 1091 monumenta
1154 1043 1269 1093 exstant
1284 1035 1375 1093 Arist.

211 1137 351 1197 Mirabilia
375 1142 404 1192 et
426 1135 534 1193 Oecon.
558 1134 608 1192 lib.
621 1134 653 1197 ll
668 1133 879 1206 Hippocraticis
902 1135 960 1191 illis
982 1134 1167 1208 aphorismis
1186 1145 1215 1194 et
1231 1137 1376 1194 Prorrhe-

211 1242 267 1300 tico
290 1236 385 1312 primo
402 1245 432 1295 et
450 1235 549 1293 (luicis
568 1234 811 1308 praenotionibus
833 1251 889 1292 nec
911 1251 971 1294 non
994 1236 1168 1294 Mirabilium
1187 1251 1290 1296 'rerum
1305 1240 1395 1318 -eol·'⁸

211 1341 388 1401 lectionibus
421 1337 509 1410 plane
543 1336 661 1408 similia,
698 1338 773 1394 tales
799 1335 1022 1396 vProblematum
1056 1339 1149 1398 libros
1183 1341 1377 1398 tumultuaria

211 1445 298 1518 plane
331 1439 444 1499 ratione
478 1447 540 1496 aut*
560 1453 684 1511 prorsus
718 1440 799 1496 nulla
832 1439 963 1512 undique
996 1441 1218 1522 congerentium
1250 1442 1376 1500 'omnino

211 1543 398 1605 recesserint.
427 1541 527 1598 ,Nam
544 1540 625 1613 quae‘
645 1540 710 1614 ipse
737 1541 805 1599 citat
820 1542 821 1548 ’
838 1555 872 1597 ea
899 1556 959 1598 nou
987 1543 1129 1616 leguntur
1153 1543 1193 1600 in·
1207 1542 1381 1602 Aristotelis

212 1662 288 1721 quae
310 1646 444 1704 feruntur
465 1641 658 1701 Problematis
681 1642 813 1717 physicis
835 1641 960 1714 (iisdem.
979 1642 1044 1702 sine
1068 1645 1158 1703 dubio
1181 1650 1375 1728 cumpost-

211 1745 278 1809 κῶν
304 1733 551 1827 προβλημάτων
583 1738 668 1803 κατὰ
697 1741 858 1818 στοιχεῖον
880 1741 923 1804 38
954 1745 1037 1803 libris
1065 1762 1141 1820 ques
1169 1747 1278 1805 indicat
1304 1748 1375 1807 Dio·

212 1850 320 1924 genes)
353 1863 409 1906 nec
440 1861 581 1919 umquam
608 1844 665 1919 legi
689 1853 848 1918 potuerunt
880 1847 981 1920 (quod
999 1847 1072 1904 lalso
1094 1862 1168 1911 cum,
1185 1848 1249 1907 aliis
1274 1851 1377 1909 statuit
1406 1917 1413 1927 ¹

213 1953 308 2010 idaim
319 1950 365 2007 ed.
376 1950 494 2010 Meteor.
508 1947 538 2019 2,
550 1945 643 2019 194);
668 1954 738 2005 sunt
760 1947 838 2004 enim
861 1948 933 2005 haec
945 1964 979 2006 ea
1002 1962 1127 2021 quorum
1150 1957 1179 2008 et
1191 1949 1287 2009 omnis
1299 1952 1383 2011 ratio

210 2053 367 2112 Aristotele
390 2065 513 2125 prorsus
535 2049 656 2123 indigna
678 2055 707 2106 et
728 2055 932 2122 argumentum
948 2065 1060 2124 <magna
1083 2066 1119 2109 ex
1141 2060 1222 2124 parte
1245 2055 1374 2113 abelus

211 2150 280 2214 non
305 2153 460 2212 sententiis
494 2153 593 2210 solum
625 2151 680 2209 cui
705 2151 752 2207 rel
786 2150 946 2214 contrarias
980 2169 1040 2210 non
1072 2159 1138 2213 raro
1160 2162 1285 2213 'tuentur
1319 2156 1374 2213 sed

212 2256 324 2317 studiis
341 2255 428 2314 etiam
447 2253 579 2340 Lalienum
602 2253 698 2326 (velut
721 2252 1044 2327 medicaetmusica).
1087 2256 1122 2314 lu
1145 2257 1224 2329 quod
1251 2271 1312 2314 non
1337 2257 1374 2316 de

212 2363 266 2418 trac
300 2358 396 2415 solum
431 2355 606 2415 collectione
626 2355 702 2412 valet
734 2355 787 2416 sed
813 2356 851 2412 tle
874 2356 992 2414 ceteris*
1008 2358 1094 2416 etiam
1116 2360 1204 2432 plane
1227 2358 1379 2417 similibus¹

212 2477 285 2535 quas
308 2459 415 2516 multas
438 2456 550 2530 antiqui
577 2455 710 2512 serebant
736 2454 900 2514 Aristotelis
934 2459 986 2531 (cl.
1010 2468 1129 2532 praeter,
1146 2460 1259 2518 indices
1282 2461 1371 2521 Arist.

211 2562 259 2620 vit.
283 2560 379 2617 Nunn.
402 2574 431 2632 p.
445 2553 596 2629 24-25).
643 2558 707 2629 „Ex
729 2556 776 2613 Αν.
800 2556 875 2617 libro
899 2560 949 2634 qui
972 2551 1374 2644 eyuuclturtpotlln'puw

211 2662 370 2736 inscriptus
394 2662 454 2720 est’
481 2660 550 2718 citat
573 2659 683 2718 Gellius
699 2655 788 2731 20,.5
811 2659 889 2716 idem
918 2678 1041 2735 prorsus
1064 2665 1316 2742 problemaquorl
1339 2665 1380 2724 inv

210 2764 321 2824 nostris
344 2763 431 2822 etiam
446 2758 496 2835 30,
515 2759 557 2821 to
573 2761 738 2834 repetitur,
774 2761 810 2816 de
839 2776 896 2832 qua
923 2778 956 2820 re
978 2765 1092 2822 fallitur
1107 2765 1196 2824 Stahr
1216 2766 1263 2823 Αν.
1285 2766 1315 2822 lt.
1336 2768 1369 2824 tl.

209 2861 383 2937 uom.132;
407 2865 446 2923 ita
468 2872 502 2921 et*
519 2863 548 2922 in
567 2861 677 2920 codicis
689 2861 902 2921 nutriremus
924 2865 1139 2924 Problematum
1152 2867 1370 2926 medicinalium

211 2976 241 3026 et
265 2966 455 3040 physicorum
483 2964 655 3023 collectione
681 2979 735 3037 per
762 2972 1020 3037 partes‘exstante
1043 2967 1269 3041 Aristotelisque
1294 2969 1369 3028 laiso
1422 3013 1427 3024 .

210 3067 330 3126 nomine
363 3074 464 3124 ornata
496 3068 587 3123 multa
604 3080 695 3139 uuae
727 3071 756 3123 et
784 3065 814 3123 in
842 3068 955 3125 ’nostris
989 3077 1162 3142 repetuntur
1194 3071 1246 3141 (cl.
1269 3071 1369 3129 Prantl

209 3169 283 3228 ulter
318 3167 365 3225 die
388 3167 541 3226 Probleme
574 3169 627 3226 des
650 3166 737 3224 Arist.
761 3168 834 3226 nuh.
859 3169 1051 3227 altmanni
1072 3171 1152 3238 acad,
1177 3168 1262 3231 tato
1284 3174 1314 3229 Τ.
1329 3173 1369 3229 ut

208 3288 236 3344 p.
250 3266 350 3342 366).
383 3271 504 3328 Exstant
529 3280 757 3343 truncumque
783 3261 1086 3350 μηχανινὰπροβλ.
1115 3285 1190 3343 quae
1217 3273 1273 3330 etsi
1301 3273 1369 3331 dili·

209 3370 330 3447 geutius'
355 3371 537 3444 uberiusque
564 3370 698 3444 exposita
730 3379 758 3428 et
785 3371 839 3435 vel
858 3371 1009 3444 prooemio
1037 3380 1152 3443 ornata,
1187 3373 1215 3431 in
1245 3389 1304 3446 quo
1330 3374 1367 3432 de

208 3473 452 3536 mechanicorum
467 3473 590 3532 ratione·
605 3474 753 3546 quomodo
781 3488 814 3530 se
837 3473 1020 3530 patented
1042 3473 1164 3546 physica
1186 3476 1368 3548 problemata

207 3572 323 3651 ps847,
336 3561 391 3645 24.
403 3589 470 3643 non
494 3574 588 3647 magis
611 3583 708 3632 temen
732 3583 828 3648 quam*
841 3583 938 3633 cetera
961 3574 1125 3634 Aristotelis
1136 3642 1137 3645 Ἴ
1149 3592 1217 3635 esse
1232 3577 1366 3651 putabis3
1387 3565 1395 3580 ’

207 3679 316 3752 quibus
335 3674 421 3733 tacito
444 3674 573 3732 auctoris
596 3674 716 3732 nomine
740 3690 813 3732 usus
836 3683 882 3733 est
903 3676 966 3732 sive
988 3677 1163 3751 potiusipso
1178 3693 1367 3752 exquopro·

207 3781 334 3837 hlemata
366 3778 438 3836 haec
458 3775 569 3833 *ducta
592 3782 672 3834 sunt·
693 3782 812 3833 enuere
840 3775 988 3834 Vitruvius
1021 3776 1051 3836 in
1078 3779 1153 3836 libro
1187 3779 1299 3838 decimo
1328 3780 1366 3839 de

207 3879 359 3964 principiis
381 3876 583 3947 machinarum
606 3891 706 3950 agens,
731 3875 765 3932 el.
790 3877 836 3934 ed.
861 3876 1022 3937 Schneider
1035 3879 1145 3940 Comm.
1169 3878 1364 3954 turpata.

208 3982 280 4042 362.
293 3979 356 4043 367
369 3997 413 4054 sq.
436 3993 493 4036 von
517 3976 653 4049 Coppelle
676 3976 782 4039 aune.
806 3978 897 4036 Meeh.
922 3996 950 4052 p.
968 3978 1030 4041 tot
1048 3981 1100 4053 (cl.
1113 3979 1184 4039 214.
1198 3979 1287 4055 217).
1320 3983 1366 4041 Ad

205 4087 279 4144 tales
301 4085 390 4159 igitur
411 4078 629 4138 Problematum
651 4077 741 4136 libros
763 4079 895 4150 perditos
917 4081 1071 4140 referenda
1093 4090 1163 4140 sunt
1185 4100 1219 4142 ea
1235 4097 1310 4157 quae
1326 4098 1364 4142 ex

205 4184 370 4246 Aristotelis
390 4179 486 4239 Probi.
510 4192 599 4250 saepe
621 4179 711 4238 citant
732 4187 847 4243 veteres
868 4182 900 4240 in
918 4182 1031 4241 ¹nostris
1055 4169 1114 4242 non
1137 4191 1255 4257 reperta
1272 4186 1362 4259 (quas

173 4354 179 4359 K
206 4288 282 4346 citat.
306 4282 423 4358 collegit
445 4279 542 4359 Prantl
564 4275 790 4354 peon-rot:
826 4289 926 4343 nostra
960 4284 1037 4343 enim
1066 4287 1143 4344 ‘haec
1176 4284 1246 4343 olim
1268 4286 1384 4345 fuisse<

205 4388 347 4456 auctiora,
375 4385 407 4443 id
426 4383 558 4458 prolecto
584 4397 645 4442 non
673 4383 832 4444 verisimile
860 4389 905 4444 est
930 4384 1131 4460 inscriptura
1158 4402 1193 4446 eo
1222 4386 1272 4461 qui
1295 4403 1361 4448 sex·
