2954 5034
799 318 841 388 28

243 493 368 555 Plinium
390 495 570 567 praelectum
593 493 742 553 Fabricius
769 495 888 552 demum
915 492 1062 565 contudit)
1096 501 1124 552 et
1154 492 1262 567 Orphei
1296 493 1404 565 plures

243 597 322 656 velut
344 596 480 670 Orpheus
504 596 671 654 Crotoniata
692 594 710 653 i.
725 612 750 653 e.
773 595 993 670 Pythagoricus,
1017 601 1046 652 et
1068 594 1346 653 camerancensis.
1363 601 1401 651 ut

243 696 368 755 coniicio
391 696 555 756 Chaldaeus
578 699 640 757 sire
660 697 790 755 iudaeus
807 697 865 768 (ul.
879 696 1032 769 Eupolcmi
1044 697 1078 752 lr.
1091 697 1137 755 ed.
1150 696 1295 770 llnhlmey
1306 711 1335 768 p.
1344 693 1397 753 47.

243 798 405 857 Alexandra
428 800 463 857 ad
487 798 588 874 Sibyll.
601 795 631 869 3,
644 795 722 858 218.»
740 798 794 860 luit
817 798 896 856 enim
907 798 1044 872 Orpheus
1057 796 1147 856 lllosis
1160 796 1398 869 discipulussec.

171 899 175 915 ‘
243 902 377 973 Artapan.
390 917 436 974 aps
450 902 557 959 Euseh.
570 900 600 957 P.
614 901 645 959 Ε.
660 898 689 972 9,
702 896 769 971 27.)
788 901 827 958 ‘ad
852 883 1003 957 historiam
1026 898 1073 956 hic
1085 899 1215 970 :quidem
1238 897 1400 972 pseudepi-

242 1002 380 1075 graphiae
407 1000 587 1060 Christianae
614 1002 700 1059 docta
725 1001 821 1059 studia
848 1000 1052 1074 praecedentis
1078 1006 1108 1057 et
1134 1016 1198 1073 per,
1214 999 1307 1073 prima
1336 1000 1399 1058 duo

242 1105 342 1162 secula
364 1106 421 1163 late
443 1103 569 1178 patentis
591 1102 741 1175 pertinens
764 1102 1150 1163 vetustissimorumdenuo
1167 1101 1324 1160 'nominum
1339 1117 1400 1166 usu

242 1208 321 1268 velut
343 1206 520 1280 Sibyllarum
542 1207 601 1276 (cl.v
618 1202 945 1276 theudoaldus),
969 1203 1077 1276 Orphei
1100 1203 1151 1275 (cl.
1176 1197 1399 1284 διαθῆκαιᾱθ

242 1285 414 1379 quibus*-
440 1308 476 1366 cl.
500 1308 594 1366 Zeller
614 1307 659 1378 lll,
676 1302 738 1366 573
752 1321 798 1380 sq.
823 1334 863 1351 -
886 1307 994 1364 accedo
1012 1304 1247 1376 tohecltoAgt.
1269 1322 1298 1378 p.
1316 1302 1399 1376 447)

240 1408 365 1467 aliorum
392 1407 544 1480 insignem
574 1408 630 1480 (cl.
655 1408 740 1467 etiam
763 1407 929 1468 Hermctiea
956 1407 1034 1479 apud
1056 1401 1203 1477 Lactant.)
1220 1445 1233 1451 ⁷-
1248 1406 1399 1472 ,Caeterum

241 1508 381 1583 Sibyllina
404 1509 705 1570 camninaincondita
726 1509 846 1568 minime
869 1511 913 1568 ad*
928 1522 1058 1582 paganos
1074 1508 1351 1582 ,partimpertiaent
1366 1516 1401 1567 nt

240 1625 322 1671 nunc
342 1610 461 1684 quidam
488 1613 601 1670 volunt.
617 1612 721 1683 (Alex,
734 1612 826 1684 prael.
851 1628 878 1686 p.
896 1611 920 1669 ll
935 1617 971 1668 :et
992 1610 1038 1666 ad·
1052 1609 1152 1684 Sihyll.
1177 1606 1206 1680 3,
1223 1606 1264 1669 97
1281 1617 1336 1668 otc.
1361 1611 1398 1670 cl.

159 1720 162 1721 ’
226 1703 341 1770 'Dahae
362 1712 427 1770 tnd.
443 1711 533 1770 ,Alea
556 1712 618 1770 Rel.
635 1714 673 1785 ll,
684 1710 746 1772 ant
759 1714 821 1786 sq.)
849 1713 919 1770 licet
941 1728 978 1770 ex
999 1710 1204 1771 Alexandrinis
1227 1711 1401 1770 auctoribus

240 1815 383 1887 quaedam
406 1813 567 1884 hauserint,
591 1813 807 1874 recentioribus
829 1812 949 1873 scilieet.
972 1824 975 1826 ’
995 1814 1047 1873 Est
1068 1813 1148 1872 carim
1164 1813 1282 1888 Sibylla,
1306 1815 1400 1872 multa

240 1915 277 1977 de
304 1914 405 1972 mundi
439 1911 694 1975 consummatione
711 1953 712 1957 =
727 1932 771 1974 ex.
791 1932 873 1977 more
897 1914 1054 1975 Glraldaico¹
1079 1915 1278 1975 contabulata‘
1293 1914 1399 1973 Berosi

240 2013 345 2086 „filia”
367 2016 470 2075 Barosi
493 2033 562 2075 vero
586 2017 740 2076 chaldaica
762 2017 839 2077 sieut
861 2025 891 2076 et
905 2016 1088 2076 Manethouls
1105 2026 1134 2076 et
1149 2015 1399 2082 Hecataeirlhde-

239 2116 311 2176 ritae
333 2118 508 2191 Aegyptiace
530 2118 602 2178 rnilri
624 2134 800 2192 persuasum
823 2125 869 2176 est
885 2134 944 2177 non
959 2119 997 2176 ad
1009 2120 1148 2199 aequales
1160 2118 1398 2177 illosdlexandri

239 2225 268 2283 et
293 2219 451 2279 Ptolemaei
484 2222 570 2295 primi
604 2229 636 2280 ut
662 2221 778 2294 tinguat
803 2220 947 2291 (etcum
970 2220 1153 2283 lllanetlaonis
1180 2220 1313 2293 epistola
1327 2221 1399 2278 Era-

189 2370 190 2373 ,
238 2320 384 2379 tosthenis
410 2322 475 2381 lalsi
501 2322 686 2395 prooemium
711 2322 790 2394 apud
817 2321 935 2396 Syneell
956 2337 984 2394 p.
1003 2320 1063 2381 tal
1093 2323 1188 2380 Dindt'.
1212 2329 1242 2386 et
1263 2322 1398 2386 Pseudo·

153 2462 155 2466 ,
238 2422 449 2494 demetrium),
462 2423 492 2480 id
515 2424 594 2496 quod
617 2422 1155 2495 ipsasmdiorumAlexandrinorum
1178 2430 1207 2490 et
1228 2424 1397 2497 theologiae

239 2522 360 2580 historia
381 2529 467 2594 volat,
481 2525 547 2582 -sed‘
565 2525 601 2581 ad
624 2525 746 2584 secundi
769 2524 862 2589 seculi
884 2524 973 2582 finem
996 2525 1160 2598 pertinere,
1176 2525 1400 2598 uniusquidem

237 2632 307 2683 sunt
330 2626 489 2698 scriptores
512 2624 553 2683 illi
575 2641 650 2698 quos
674 2629 712 2685 de
734 2627 824 2685 rebus
845 2625 976 2684 Judaieis
997 2634 1118 2700 agentes
1131 2628 1232 2685 laudat
1245 2627 1396 2701 losephus

237 2727 313 2801 (qui
327 2727 474 2800 integrum
497 2727 681 2785 Manethonis
703 2728 810 2786 librum
833 2738 911 2789 unus
934 2726 1043 2800 leg-isse
1060 2728 1183 2798 ridetur,
1202 2728 1296 2792 >ceteri
1312 2745 1395 2787 sum.-

236 2829 336 2888 mariis
362 2829 579 2901 chronologicis
610 2829 688 2887 varie
720 2831 894 2903 computatis
927 2836 1061 2900 utuntnr;
1094 2829 1284 2888 ct-Castoris
1312 2847 1400 2890 sum--

235 2930 393 3001 marium),
420 2931 506 2989 cuins
526 2931 632 2990 *etiam
659 2939 708 2991 est.
736 2932 931 2990 llosaicorum
965 2929 1107 2988 librorum
1141 2931 1342 3006 interpretatio
1365 2943 1396 2992 et

236 3031 386 3106 Hermippi
409 3047 529 3105 quoque
545 3049 609 3091 ¹non
633 3033 751 3106 quidem
773 3034 915 3092 vertentis
938 3031 1065 3104 dllitsehl
1089 3032 1195 3094 Coroll.
1220 3033 1295 3106 disp.
1312 3035 1392 3094 deb.

235 3134 278 3192 Al.
294 3133 352 3206 42)
378 3134 433 3191 sed
455 3133 589 3191 fretorum
616 3134 757 3193 librorum
786 3135 946 3194 doctrinam
974 3133 1114 3206 magicam
1142 3135 1393 3208 explicantis-Zo-

234 3234 374 3293 roastrica
396 3235 458 3293 sive
481 3236 517 3293 de
540 3236 720 3310 nragislihri.
743 3237 878 3295 Hecataei
893 3235 1055 3310 Pyrrhonei
1071 3235 1393 3309 philosophi-estuans

233 3343 346 3424 tantum
365 3337 453 3394 liber
481 3318 518 3395 de
536 3338 754 3411 ‘Hyperboreis
790 3339 838 3412 qui
868 3346 904 3396 ut
921 3338 1023 3410 ipsum
1054 3346 1259 3412 argumentum
1286 3341 1393 3413 probat

232 3437 652 3512 philosophicuspotiussiuit
675 3440 961 3512 quam-historiens,
1019 3500 1021 3502 ,
1068 3486 1070 3489 ψ
1114 3476 1115 3480 =
1146 3460 1147 3463 ’

315 3539 378 3597 lam
406 3553 474 3599 vero
501 3539 550 3598 his
573 3540 856 3615 pseudepigraphiae
889 3540 917 3603 in
947 3541 1031 3601 libris
1057 3542 1213 3602 clarissimi
1240 3542 1399 3616 cuiusque¹

232 3639 360 3700 auctoris
382 3640 485 3698 obviae
507 3642 650 3715 exemplis
674 3643 859 3714 praemissis,
877 3644 950 3702 ‘veri
972 3644 1132 3702 admodum
1155 3644 1252 3703 simile
1274 3644 1402 3705 videtur

231 3758 328 3816 oeque
356 3740 519 3804 Aristotelis
553 3743 638 3805 cuins
672 3743 905 3818 quadringentos
920 3745 1030 3803 tuisse
1060 3746 1153 3802 libros
1180 3751 1210 3800 et
1235 3744 1281 3802 vel
1307 3745 1407 3807 mille,

230 3852 368 3903 asserunt
399 3845 485 3904 aliam
519 3843 662 3901 rationem
695 3859 762 3903 esse
796 3859 891 3918 eoque
924 3845 1018 3918 magis
1052 3844 1228 3918 scriptorum
1256 3846 1408 3908 cuiusuis¹

230 3946 347 4019 generis
380 3947 455 4005 lama
488 3951 624 4005 ornatum
657 3945 749 4006 luisse
776 3962 852 4004 eum
879 3963 938 4020 quo
966 3952 1081 4006 eeteros
1108 3961 1216 4004 omnes¹
1239 3954 1268 4006 et
1293 3949 1388 4022 gloria

229 4049 416 4108 antecelleret
447 4057 476 4108 et
508 4045 704 4120 polymathiae
736 4047 831 4107 laude.
878 4047 1010 4116 Quorum
1045 4062 1120 4119 qnae
1154 4062 1232 4106 nnnc
1265 4065 1386 4124 qnoque

229 4157 341 4234 extant.
354 4149 516 4224 specimina
543 4154 709 4220 comparata
736 4151 879 4209 camilla
906 4165 994 4223 quam
1021 4149 1109 4209 certis
1136 4149 1273 4224 verisque
1288 4151 1386 4212 lihris

168 4278 169 4283 κ
228 4254 455 4324 studiorumque
482 4248 604 4317 historia
632 4249 710 4308 docti
733 4246 831 4311 mente
858 4251 1051 4310 informamus
1079 4251 1248 4326 scriptionis
1270 4253 1385 4313 Aristo·

226 4349 329 4417 telicae
362 4352 491 4426 imagine
522 4350 703 4424 persuadent
729 4358 761 4410 ut
787 4367 902 4412 omues·
919 4352 980 4412 lere
1006 4351 1099 4415 libros
1125 4368 1201 4427 quos
1228 4365 1384 4418 recensent

580 4613 591 4647 ί
