2954 5034
686 344 726 411 αἵ

133 517 220 574 etiem
242 505 263 598 ἡ
287 511 410 599 φυσικὴ
434 509 644 599 πραγματεία
664 519 833 581 Andronico
861 524 918 582 iem
941 520 1071 600 quinque
1093 525 1288 602 Physlco'rttttt

131 624 160 675 et
190 612 286 677 tribus
319 612 398 700 περί
429 611 588 703 κινήσεως
620 620 702 678 libris
735 616 879 697 incipiens
912 621 1283 703 (simpliciumque,

131 721 324 805 sequentibus
340 719 453 780 deinde
482 722 586 781 ceteris
613 723 777 780 secundum
804 725 937 785 ordinem
964 743 999 786 ex
1022 729 1095 802 ipsis
1117 726 1200 789 libris
1222 731 1284 804 plea

129 831 254 894 rumque
272 821 474 881 ›oemhsimum
496 823 614 897 dequo
638 823 673 880 oi.
697 823 818 882 Ptolem.
843 840 888 899 ep.
911 827 1048 887 Weurich
1070 846 1098 902 p.
1115 827 1289 890 letalde,

127 929 158 979 et
180 922 256 980 inter
277 921 387 981 Arabes
408 951 452 964 -
474 923 570 981 solent
597 924 676 982 enim
703 937 873 998 graecorum
901 925 1092 1002 interpretum
1118 928 1284 1003 exemplum

130 1021 241 1081 Arabes
265 1025 357 1082 secuti
379 1026 417 1082 de
440 1016 581 1083 librorum
604 1026 708 1085 ordine
731 1025 880 1098 disputare
902 1029 953 1101 (ot.
977 1030 1094 1088 Alkiudi
1115 1030 1224 1087 librum
1247 1031 1283 1088 de

129 1122 293 1183 Aristotelis
319 1124 460 1183 librorum
490 1126 592 1185 ordine
616 1127 707 1186 Casiri
723 1129 777 1201 lp.
794 1124 871 1201 3533
906 1131 943 1188 de
970 1124 1112 1189 librorum
1140 1120 1283 1189 divisione

128 1228 164 1281 ex
187 1225 341 1287 Ammonio
364 1225 493 1299 disputet
515 1228 640 1286 Allerebi
664 1229 921 1302 ep.·Schmdlders
936 1247 966 1304 p.
983 1229 1120 1302 19-21,
1144 1231 1283 1290 cl.·Datid

128 1325 514 1398 odd—„dl—dverroes
538 1328 648 1387 domm.
672 1330 703 1387 in
725 1330 844 1388 Metcor.
868 1331 930 1390 init.
947 1334 1008 1404 (ed.
1031 1334 1134 1392 Venet.v
1146 1326 1239 1391 1562.
1252 1329 1284 1392 ἃ

130 1422 198 1484 Vol„
208 1429 244 1485 Vl
257 1429 288 1486 P.
305 1429 316 1485 Ι
331 1440 360 1502 p.
376 1427 572 1503 lot-3404).
595 1428 697 1503 Neque
708 1440 778 1488 vero
788 1431 984 1506 physicorum
999 1441 1064 1493 octo
1079 1435 1171 1493 libros
1186 1447 1283 1507 neque

128 1528 392 1604 hletaphysicorum
430 1531 650 1604 quatuordecim
685 1532 798 1604 primns
832 1533 872 1591 its
904 1534 1055 1593 coniunxit
1087 1535 1282 1606 Andronicus,

128 1634 207 1704 duod
231 1634 316 1690 docet
337 1626 474 1691 Nicoleos
503 1633 552 1705 qui
578 1635 616 1690 de
638 1632 903 1707 lietephysioorum
932 1635 1034 1694 ordine
1056 1645 1115 1694 non
1138 1635 1283 1716 Androni-

128 1748 193 1790 curn
228 1734 358 1808 increpat
391 1735 445 1792 sed
471 1733 674 1792 Aristotelem.
719 1733 763 1790 Ad
797 1732 854 1791 boc
885 1740 998 1795 tautum
1031 1738 1173 1795 librorum
1201 1749 1284 1795 nunc

128 1849 247 1909 quoque
274 1843 455 1894 servatorum
484 1851 605 1910 corpus·
619 1834 816 1910 posteriorum
840 1851 959 1909 quoque
982 1838 1018 1896 de
1041 1839 1152 1897 ordine
1168 1846 1197 1897 et
1218 1851 1284 1913 pree

127 1936 299 2008 gmutiarum
321 1945 350 1996 et
372 1938 556 2012 singulorum
578 1935 719 2005 librorum
734 1936 864 1994 rationes
879 1936 995 1995 criticae
1009 1948 1150 2013 spectent.
1182 1939 1284 1999 uetere

128 2043 211 2094 erent
237 2021 363 2098 ίίτακτα
390 2043 429 2098 οῐ4
445 2040 484 2098 ila
507 2038 677 2098 edebantur.
721 2037 823 2110 Neque
845 2045 943 2096 temen
965 2041 1011 2098 vel
1034 2041 1173 2116 Diogenis
1195 2038 1283 2100 'index‘

127 2138 207 2195 omni
240 2139 343 2198 ordine
377 2149 481 2200 ceret-
517 2135 711 2211 'intelligimus
748 2139 829 2196 enim
863 2151 942 2197 nuno
977 2157 1095 2215 quoque
1128 2144 1283 2200 eonsilium

128 2239 253 2296 subesse
286 2239 378 2298 libros
403 2241 450 2298 ite
484 2239 646 2298 ordinandi
672 2247 704 2298 ut
735 2240 916 2311 praecedent·
941 2237 1087 2315 dialogice
1118 2243 1179 2300 sive
1208 2254 1283 2316 queo

126 2339 306 2413 posteriores
329 2342 472 2401 vocabant
493 2328 670 2421 ἒξιοτορικοί
686 2342 778 2414 (opp.
802 2330 1033 2422 αίκροαματικοί
1056 2340 1091 2400 ci.
1109 2343 1199 2402 David
1215 2333 1281 2402 sch.

127 2441 193 2500 elo
214 2439 265 2501 11.
289 2441 347 2501 Cic.
377 2442 510 2516 aliosque
538 2460 583 2515 ep.
612 2443 699 2511 Stehr
725 2441 843 2500 Aristot.
864 2441 897 2514 ll,
913 2440 976 2502 247
989 2446 1084 2518 soc),
1123 2452 1285 2518 'sequentur

127 2542 286 2615 dialectice,
315 2542 426 2602 deinde
459 2543 575 2617 politica
607 2543 720 2616 (ethice
741 2543 859 2616 politior
881 2544 1026 2602 rhetorice
1046 2540 1187 2626 poetice),
1215 2553 1284 2620 post
1323 2565 1328 2572 ·

128 2644 249 2719 physice
270 2647 304 2702 et
321 2645 524 2704 mathematica
546 2653 577 2704 et·
596 2645 698 2703 ultimo
726 2645 853 2717 denique
878 2646 943 2703 loco
971 2646 1110 2705 historice
1133 2663 1199 2706 oum
1222 2649 1283 2720 epi-

128 2746 212 2804 stolis
234 2752 264 2804 et
286 2746 474 2804 carminibus.
516 2744 658 2803 Videmus
681 2745 770 2818 igitur
791 2747 866 2803 benc
889 2746 981 2805 fuisse
1003 2747 1090 2805 etiam
1112 2747 1143 2805 iu
1155 2748 1282 2806 editione

128 2846 285 2903 Andronici
318 2847 543 2919 pragmaticorum
577 2846 685 2904 scriem
717 2855 749 2904 ut
775 2850 843 2918 post
869 2847 962 2921 logica
990 2863 1050 2906 non
1078 2849 1176 2907 stetim
1203 2849 1282 2923 quod

55 2958 56 2961 ’
128 2943 309 3019 posteriores
336 2947 483 3020 sumsisse
510 2946 646 3005 videntur
674 2934 869 3021 sequerentur
894 2949 1016 3023 physice
1044 2960 1111 3008 oum
1133 2946 1283 3024 metapbp

128 3047 198 3105 sicis
214 3048 284 3105 'sed‘
297 3047 393 3105 ethice
413 3046 506 3119 priris.
552 3047 629 3116 Quid
651 3059 720 3108 tero
743 3051 780 3108 dc
803 3049 996 3124 Theophrasti
1011 3050 1139 3110 editione
1154 3060 1284 3110 stetuen⁴

128 3151 199 3208 dum
220 3149 271 3208 -sit
304 3160 383 3207 nunc
415 3148 473 3206 dici
492 3151 621 3225 nequit,
658 3153 716 3212 nisi
751 3153 832 3226 quod
865 3147 978 3234 φυτῶν
1004 3142 1162 3235 ίατορίαο
1186 3154 1283 3212 stetim

130 3252 336 3324 sequebantur
349 3246 488 3332 φατικαί
509 3243 627 3314 αἰτίαι.
673 3253 763 3314 Docet
784 3263 882 3313 temen
898 3261 997 3328 aperte
1011 3254 1101 3313 index
1115 3253 1282 3336 Theophra-

129 3357 259 3410 steorum
293 3353 374 3410 nullo
407 3355 496 3411 modo
524 3355 560 3413 de
588 3355 748 3416 editionum
772 3357 884 3415 ordine
910 3371 947 3413 ex
973 3355 1119 3414 indicibus
1147 3356 1283 3413 concludi

128 3454 227 3525 posse,
246 3455 414 3511 'secundum
436 3455 582 3526 alphabeti
603 3459 703 3517 literas
724 3460 774 3516 ille
796 3459 960 3531 procedens
984 3459 1023 3515 ite
1044 3464 1076 3516 ut
1097 3458 1143 3516 bis
1163 3443 1291 3530 incipiat-

127 3552 268 3626 (primum
290 3553 327 3610 eb
341 3541 565 3613 Ἀναλυτικῶν
587 3568 683 3630 usque
705 3558 744 3616 ed
764 3556 783 3615 l.
807 3575 845 3618 π.
860 3556 970 3641 ψυχῆς
984 3556 1014 3631 5,
1026 3558 1067 3618 to
1081 3560 1169 3632 med,
1192 3540 1282 3618 altere¹

128 3661 226 3712 eutem
255 3659 379 3726 portet
407 3653 426 3709 l.
463 3649 633 3736 περὶτῶν
660 3647 803 3734 ἀτέχνων
831 3651 976 3721 πίστεων
1007 3676 1102 3735 usque
1130 3661 1166 3719 ed
1194 3663 1280 3722 brt.

127 3744 348 3840 ’ψαύδοαςταί
360 3741 555 3836 diederico,
570 3755 614 3818 48
625 3759 822 3831 fin.)‚·deinde
833 3761 1011 3834 appendices
1023 3759 1166 3836 quasdem
1181 3763 1292 3837 eudem

128 3859 208 3931 qnod
235 3855 260 3916 si
288 3865 372 3916 tenes
400 3857 487 3916 simul
515 3862 660 3933 quaedem
685 3860 805 3918 incuria,
823 3859 872 3918 bis
897 3864 1020 3935 repetita
1046 3878 1116 3924 esse
1139 3865 1280 3940 reperies,

129 3967 161 4019 ut
183 3953 261 4042 περὶ
282 3956 431 4042 φυσικῶν
451 3960 516 4018 libri
533 3961 695 4021 octodecim
707 3959 736 4035 5,
747 3959 788 4022 46
804 3962 844 4020 in.
855 3958 1049 4044 =ptuotxoio
1064 3959 1281 4041 dofioiobsd&

129 4054 207 4142 περὶ
227 4053 504 4139 derelictorum-42
527 4065 562 4123 ci.
576 4063 636 4138 493
659 4059 740 4148 αερί-
757 4055 968 4148 Δημοκρίτου
984 4061 1013 4139 5,
1029 4065 1069 4126 49
1094 4069 1128 4126 ci.
1144 4066 1200 4143 433
1233 4070 1281 4129 ‘de

128 4162 210 4219 libris
232 4163 273 4220 ad·
281 4163 436 4223 Democriti
452 4165 845 4241 doctrinampertinentibus
858 4168 915 4226 iem
928 4184 1017 4241 supro
1028 4167 1102 4243 diti3
1116 4167 1145 4243 5,
1153 4167 1280 4229 43-44

128 4271 203 4334 quse
221 4264 307 4335 vprius
327 4265 498 4339 singulatim
518 4277 714 4328 recensentur
722 4263 802 4351 περὶ
814 4257 907 4343 ζώων
920 4276 1037 4342 septem
1049 4271 1283 4341 dissertationes,

129 4368 254 4434 merum>
268 4365 525 4429 omniurn-extant
553 4371 713 4443 fragmento
723 4388 729 4411 ²
738 4365 842 4452 (ceph
858 4358 1080 4452 ἑτεροφωνίας
1102 4361 1195 4445 ζώων
1214 4369 1282 4431 τοῦτ’
