2992 5032
771 357 840 417 170
926 382 928 385 ’
1011 358 1045 383 ⁸

226 533 314 590 niodo
338 530 584 604 philosophorum
605 527 717 587 studiis
745 528 784 585 ah
804 527 962 585 Atticarum
995 527 1093 586 lernen
1115 529 1292 586 litteratum
1312 528 1390 586 llere

226 634 325 707 paullo
353 640 455 691 essent
480 630 676 706 separatiores
704 627 843 689 maiorem
871 629 1018 691 intertium
1046 629 1227 704 antiquitatis
1254 629 1389 702 speciem

227 726 336 793 referre
358 735 520 804 videantur,
543 731 634 792 nihilo
658 730 765 788 minus
777 737 806 788 et
826 730 884 804 ipsi
907 732 1054 828 autunum
1068 738 1233 789 omnesaut
1245 732 1390 804 aequales

228 844 311 895 arant
332 834 498 908 Aristotelis
522 841 629 917 anteo
653 833 844 903 recentiores
865 830 911 890 vel
932 831 976 890 illi
999 849 1125 906 quornm
1147 832 1213 890 libri
1229 833 1272 890 ab
1289 833 1392 891 orani-v

227 937 286 995 bus
317 936 438 1010 genuini
465 928 650 1010 Hippocratis
683 935 829 992 habentur
859 936 893 991 'nt
909 942 1025 1017 *auctor
1049 933 1115 992 libri
1143 935 1178 996 de
1205 934 1335 994 articulis
1357 943 1391 993 et

227 1037 372 1110 fracturis,
395 1039 446 1111 qui
469 1038 547 1096 idem
568 1042 615 1094 est
634 1032 1008 1109 librorum'deglanrlulis
1030 1036 1078 1106 lei.
1102 1038 1139 1094 de
1162 1036 1241 1095 artie.
1261 1053 1294 1111 p.
1309 1034 1389 1114 152)

227 1141 264 1198 de
286 1147 390 1199 natura
413 1137 541 1198 bominis
564 1138 601 1199 nc
623 1134 738 1194 morbo
756 1152 840 1195 sacro
868 1138 905 1195 de
921 1153 1000 1196 ‘aere
1023 1138 1107 1210 aquis
1129 1146 1159 1196 et
1181 1137 1254 1218 locis
1278 1145 1332 1196 ete.
1357 1146 1389 1202 at

226 1249 377 1314 praeterea
402 1240 469 1298 libri
496 1237 652 1298 devictus
686 1239 800 1298 ratione
827 1238 856 1296 in
882 1239 995 1297 morbis
1022 1240 1131 1312 acutis,
1165 1239 1250 1302 catius
1272 1243 1387 1312 partem

227 1349 387 1400 extremam
421 1340 579 1416 prioribus
598 1341 753 1400 manifesto
776 1338 977 1416 praeparatam
1006 1357 1062 1414 qua
1085 1340 1215 1402 Platonis
1235 1336 1389 1402 Timaeum

227 1444 335 1517 respici
357 1452 435 1502 reete
457 1438 658 1516 intelligebant
678 1433 728 1516 (cl.
751 1443 798 1501 ed.
821 1443 971 1501 Ermerins
993 1443 1086 1517 bugd.
1109 1443 1169 1501 Bet
1186 1440 1269 1502 1841
1293 1443 1386 1516 prael.
1438 1449 1440 1451 ’

226 1558 257 1620 μ’
269 1543 313 1606 28
325 1563 369 1620 sq.
394 1547 428 1604 ci.
444 1558 473 1620 p.
486 1541 564 1622 382)
586 1545 737 1618 scriptoris
760 1560 828 1604 esse
850 1540 1023 1618 posterioris
1036 1545 1144 1618 fincpte
1166 1551 1296 1602 assutam
1313 1543 1388 1600 falsa

189 1643 190 1647 ’
228 1648 330 1707 Galeni
352 1649 541 1721 virorumque
564 1649 717 1705 doctorum
740 1647 872 1705 oninium
895 1646 1040 1705 sententia
1060 1653 1108 1704 est
1130 1626 1163 1703 en
1187 1646 1260 1703 falsa
1282 1646 1334 1704 illa
1347 1647 1386 1704 tle

185 1740 186 1743 '
203 1730 205 1733 ⁵
227 1731 354 1807 auctoris
371 1755 471 1806 >aetate
493 1748 512 1804 i.
525 1765 552 1807 e.
575 1750 613 1806 de
635 1748 701 1822 ipso
718 1754 837 1806 anctore
848 1747 1331 1822 hippocrate-opinioueprognata
1343 1780 1389 1791 -=

185 1887 190 1893 ·
227 1849 302 1907 alius
325 1849 453 1909 auctoris
481 1857 526 1908 est
548 1849 774 1924 prognosticon,
804 1848 884 1907 alius
902 1849 1070 1922 Apborisnti
1093 1849 1269 1922 scriptorum
1291 1849 1387 1908 medi-

227 1960 327 2009 corum
350 1940 557 2024 uariorumquc
579 1959 718 2024 excerpta
738 1950 913 2023 exhibentis,
925 1951 1060 2013 aliorum
1075 1952 1136 2010 alii·
1151 1981 1193 1996 -a
1215 1951 1254 2010 ita
1275 1959 1309 2010 nt
1326 1954 1388 2009 hac

227 2051 339 2110 ratione
361 2041 523 2111 litterarum
545 2041 868 2113 medicarum.blstorle
891 2069 955 2112 cum
980 2051 1143 2111 ceterarum
1166 2053 1243 2126 apud
1256 2053 1386 2111 Graecas

137 2187 140 2190 ⁴
228 2154 416 2214 scientiarum
429 2155 702 2230 ‘philosophiaeque
725 2155 846 2214 historia
861 2156 919 2217 iam
931 2155 1093 2214 conueniat.
1117 2155 1289 2218 Aristoteles
1305 2147 1385 2212 enirn

217 2257 293 2314 'illos
316 2264 451 2316 auctores
474 2266 504 2316 et
524 2259 622 2332 ipsum
645 2258 849 2331 Hippocratem
877 2259 964 2331 plane
992 2257 1113 2330 negligit
1135 2257 1308 2329 ignoratque
1330 2272 1386 2314 nec

227 2346 335 2417 multae
363 2358 429 2416 illae
457 2376 531 2432 quas
559 2362 596 2417 dc
624 2360 812 2432 generatione
841 2359 1142 2431 aliorumapinioues
1166 2358 1386 2419 attentatae

227 2474 293 2531 gen.
317 2474 363 2529 an,
388 2475 455 2516 cum
477 2460 552 2517 libro
574 2459 660 2532 Hipp.
685 2460 721 2516 de
744 2475 842 2530 gener.
867 2464 896 2516 et
917 2467 1019 2516 natura
1042 2460 1126 2532 pueri
1149 2460 1242 2534 magis
1259 2455 1385 2518 consen-

112 2546 113 2550 ¹
226 2559 303 2620 bunt
325 2575 413 2632 quam
436 2576 503 2618 cnm
525 2559 562 2618 iis
585 2553 667 2633 qnae*
682 2556 835 2618 veteribus
848 2561 978 2634 physicis
1000 2561 1186 2634 maximeque
1204 2561 1386 2634 ulintped'ocla

227 2654 392 2722 Democrito
416 2664 536 2723 Platone
563 2665 623 2722 lere
651 2668 728 2720 sunt*
743 2676 925 2721 communes.
959 2650 1002 2720 'ln
1024 2660 1100 2720 libro
1127 2679 1197 2720 vero
1222 2648 1386 2736 despicite

227 2760 266 2840 (c.
283 2765 316 2843 2)
340 2766 471 2825 doctrina
493 2767 637 2840 quaedam
659 2765 843 2838 pneumatica
867 2763 916 2841 (de
930 2756 999 2824 aere
1014 2779 1069 2838 per
1084 2765 1386 2839 renaevre‘spiratione

226 2867 315 2925 ducto
343 2876 371 2926 et
394 2869 528 2940 spiritum
554 2869 687 2926 innatum
710 2865 817 2943 alente)
845 2866 1031 2926 'memoratur
1062 2867 1246 2941 Aristogenis
1278 2866 1390 2925 medici
1470 2941 1475 2948 α

226 2965 322 3024 aaran
351 2967 505 3042 chrysippi
533 2968 627 3026 cotan
662 2953 842 3044 (quacum
865 2968 979 3026 aunon
1005 2969 1070 3043 lpse
1091 2969 1256 3043 discipulos
1278 2969 1386 3029 nietam

227 3073 257 3122 et
278 3063 459 3127 Philistionis
482 3069 563 3142 Diog.
588 3070 681 3129 Laert.
698 3069 728 3143 8,
744 3060 795 3130 82.
820 3071 854 3127 cf.
870 3067 927 3147 87)
960 3072 1020 3128 une
1047 3078 1114 3130 cum
1139 3068 1233 3131 Medio
1267 3069 1383 3143 (Galen.

206 3166 368 3241 ,11)197,
383 3168 460 3248 252)
489 3171 574 3229 caius
597 3172 709 3231 sororis
732 3171 810 3230 filius
833 3168 1026 3240 Erasistratus
1049 3173 1154 3231 dicitur
1175 3169 1284 3229 Saldae
1307 3186 1331 3228 s.
1354 3188 1383 3230 v⁸

227 3277 257 3329 ct
278 3272 444 3333 Metrodoro
466 3272 632 3332 Erasistrati
654 3272 1195 3349 magistro-PythiaelisqneAristotelis
1208 3271 1383 3340 libaetertio

230 3374 334 3462 manto
366 3374 440 3450 (sec.
463 3357 551 3436 Sext
567 3376 650 3450 Emp.
673 3373 782 3450 pest
801 3380 896 3437 'Behks
914 3379 987 3437 falsa
1007 3377 1095 3436 hahet
1116 3372 1258 3445 2111129,-
1274 3371 1304 3446 3,’
1332 3375 1384 3448 qni

229 3482 262 3533 et
280 3477 344 3549 ipse
366 3480 498 3538 medicos
521 3481 587 3552 boe,
611 3494 647 3538 ex
670 3497 797 3554 quornm
818 3471 921 3539 notitia
947 3460 1076 3538 veterem
1095 3474 1178 3535 illam
1200 3476 1384 3564 medicorum

213 3575 400 3663 ¹Cnidiorum
432 3583 560 3656 gloriani
577 3584 615 3642 de
639 3600 695 3655 qua
718 3581 806 3640 bittre
829 3577 914 3656 Hipp.
936 3583 966 3639 T.
983 3579 1009 3638 ll
1028 3584 1060 3653 p.'
1073 3576 1201 3640 200-5
1223 3579 1277 3636 bac
1298 3577 1384 3636 etiam

227 3676 410 3755 Aristotelian
432 3691 526 3744 aetate
547 3685 737 3756 intelligimus
755 3683 962 3754 continuatam,
986 3684 1084 3739 rerum
1097 3681 1275 3739 medicorum
1287 3680 1383 3737 tantm

221 3780 337 3855 babuit,
358 3786 397 3842 ei.
421 3788 459 3844 de
481 3787 653 3856 Aristogene
676 3782 736 3839 ind.
760 3790 842 3840 auct:
856 3784 875 3840 l.
896 3781 947 3840 29.
959 3776 1013 3842 30.
1030 3777 1170 3856 33-35l
1195 3778 1330 3851 discipuli
1353 3788 1384 3838 et

226 3883 419 3956 Theophrasti
441 3874 508 3943 ideo
531 3884 660 3957 aequalia
684 3885 734 3956 uui
757 3885 847 3940 multa
871 3881 988 3954 scripsit
1011 3878 1212 3953 (Salinsai.
1233 3879 1382 3938 cillenia.

226 3983 361 4056 Proleggr
388 3984 418 4040 in
446 3984 551 4056 Porph.
581 3984 649 4043 Scb.
673 3984 719 4041 Br.
743 4000 771 4056 p.
789 3981 854 4042 19b
869 3980 921 4054 12,
952 3998 969 4039 e
998 3978 1058 4054 qno
1090 3979 1155 4038 loco
1188 3979 1382 4054 corrigendus

226 4080 378 4153 Philopon.
397 4082 555 4157 ib.p.11b
572 4083 625 4163 te)
661 4086 751 4159 inque
773 4085 820 4144 bis
844 4075 987 4158 quaedam
1010 4082 1047 4139 ad
1068 4080 1247 4156 Antigonum
1271 4097 1381 4156 regem,

199 4258 200 4261 Ἴ
227 4197 287 4240 non
311 4183 451 4244 Genetaei
477 4182 507 4261 (†
522 4183 597 4265 239)
621 4195 653 4246 ut
674 4188 838 4263 Hesychius
862 4189 927 4246 vvult
949 4184 1027 4260 apud
1050 4182 1184 4255 Sumam,
1203 4183 1266 4256 oni.
1286 4183 1382 4242 Cnidi-i

226 4286 336 4359 scripta
369 4303 466 4347 errore
493 4289 600 4348 Thasio
630 4289 746 4348 ciridano
780 4290 880 4364 ignoto
913 4287 1015 4369 tribuit
1047 4283 1118 4363 (nisi
1131 4288 1222 4345 ¹luite
1237 4286 1384 4345 idemest

228 4372 390 4450 Cnidius'e
403 4393 497 4451 Thaso
509 4388 666 4468 oriundus)
688 4378 806 4466 alioque
829 4400 936 4451 errem
951 4402 1068 4450 serrum
1090 4388 1186 4448 luisse
1206 4388 1384 4461 dicitchry-
