2954 5034
751 345 858 403 ddv

193 504 349 578 Ptolemaei
362 515 500 574 vindicem
522 520 657 573 recenset
680 529 738 573 una
766 527 832 585 anm
855 513 1095 571 translationibus
1118 519 1251 569 accurate
1275 511 1352 568 indi-

193 621 267 680 catis
300 626 403 677 auctor
431 615 574 674 Arahiens
608 615 716 688 (Casiri
740 615 760 687 1,
776 611 896 686 {terso
924 614 960 671 ci.
984 612 1122 678 chrich
1146 609 1350 688 pidia-36.v

194 719 265 782 aet.
282 719 418 793 ecerat)
468 717 545 775 sunt
576 716 606 774 m
639 716 727 774 {trem
754 715 795 773 nn
824 714 874 788 qm
907 696 1009 773 revera
1039 712 1088 772 aax
1103 715 1169 787 ipso
1196 711 1356 772 uastare

194 822 316 899 proiecti
337 827 408 880 sunt
429 817 496 876 libri
519 817 603 890 quasi
626 817 770 890 canonici,
794 831 870 889 quos
885 815 1095 874 *sanemirum
1109 821 1156 872 est
1169 808 1275 873 omnes
1292 817 1352 872 iore

194 922 425 998 praetermittere
457 919 619 992 Diogenem
648 950 689 960 *-
721 933 789 978 narn
824 925 1033 990 praeterquam
1065 918 1145 989 quod
1180 932 1198 975 e
1231 917 1352 992 physice

194 1023 354 1099 pragmatio
376 1022 439 1080 sola
461 1020 583 1079 historia
604 1018 774 1078 animalium
798 1019 1023 1077 commemorari
1034 1018 1158 1090 videtur,
1183 1003 1352 1077 eiihrorum
1408 1050 1414 1055 -

195 1108 326 1184 numeris
360 1123 395 1181 ah
424 1136 576 1196 anonymo
603 1128 714 1179 temere
747 1120 887 1179 correctis
908 1119 1066 1193 suspicari
1081 1136 1083 1138 ’
1098 1118 1207 1192 aliquis
1240 1129 1354 1194 passer

195 1226 291 1286 ethica
317 1236 437 1296 quoque
464 1228 497 1279 ot·
519 1222 663 1296 analytica
688 1221 805 1297 politica
824 1219 979 1279 'rhetorica
1005 1220 1121 1294 poetica
1147 1232 1353 1294 quaererem

195 1333 300 1385 sentur
322 1322 456 1382 eiusdem
478 1323 577 1395 potius
600 1322 765 1398 argumenti
791 1321 887 1380 iihros
900 1337 973 1380 esee
995 1322 1059 1380 sive
1080 1322 1223 1380 librorum
1250 1318 1354 1380 recen*

196 1427 304 1487 siones
330 1439 419 1496 quam
452 1424 534 1498 ipsos
568 1426 619 1500 qui
641 1439 738 1483 nunc
764 1423 907 1483 feruntur.
951 1423 1050 1491 Quum
1078 1439 1148 1482 vero
1176 1437 1209 1482 se
1235 1425 1353 1498 plenam

195 1530 329 1587 omnium
349 1525 492 1583 librorum
514 1527 719 1585 recensionem
743 1523 883 1584 exhihere
907 1540 1048 1583 versuum
1074 1539 1198 1584 numero
1221 1535 1253 1584 ut
1275 1527 1355 1600 npnd

194 1629 428 1703 Theophrastum
449 1627 648 1701 Speusippum
663 1627 857 1689 Xenocratem
877 1627 976 1685 addito
996 1626 1061 1700 ipse
1077 1626 1223 1712 Diogenes
1234 1629 1352 1702 prodat,

86 1748 88 1751 ’
196 1730 376 1790 sumendum
398 1735 444 1786 est
465 1734 524 1800 aut,
550 1728 628 1801 quod
651 1743 688 1785 ex
710 1728 876 1785 Ptolemaeo
904 1726 1047 1785 coniicias
1066 1730 1246 1803 praesertim
1260 1742 1353 1803 quum

197 1830 276 1888 idem
299 1827 454 1902 Chrysippi
478 1843 596 1901 quoque
619 1828 706 1886 indici
735 1827 1021 1887 in-mediisethiais
1049 1825 1088 1886 ita
1110 1831 1353 1904 ntphpsicornm

197 1931 295 1994 omnis
316 1928 418 1989 notitia
441 1929 518 1988 desit
539 1929 663 2003 abrupto
686 1929 824 1988 acciderit
845 1936 875 1986 et
895 1929 974 2008 sicut
988 1930 1131 2004 septimus
1147 1931 1354 2004 quintusndeo

196 2033 271 2091 liher
288 2030 437 2111 Diogenis
470 2030 550 2091 omni
568 2045 650 2089 ¹cum
684 2038 827 2104 sequente
854 2044 933 2089 nexu
960 2044 1077 2090 carens
1091 2031 1122 2088 in
1148 2031 1207 2090 iine
1233 2032 1355 2090 mutiins

197 2133 338 2217 riderem,
354 2132 538 2192 librariorum
551 2131 637 2205 culpa
648 2140 716 2205 post
726 2123 805 2211 περὶ
818 2128 884 2190 τῶν
894 2123 1142 2214 Πυθαγορείων
1155 2121 1185 2192 α’
1207 2128 1354 2190 excidisse

196 2235 386 2310 physicorum
408 2233 587 2295 mentionem
611 2234 648 2290 ah
670 2249 816 2308 anonymo
839 2235 958 2294 homine
973 2234 1044 2317 soit
1068 2234 1228 2308 Byzantino
1251 2249 1355 2292 recen-

139 2368 142 2371 ,
195 2335 327 2394 tissimae
349 2335 452 2393 aetetis
474 2336 651 2408 postatinem
667 2335 773 2397 indicis
788 2336 963 2408 suppletam,
986 2341 1036 2392 eut
1050 2336 1176 2394 seorsim
1192 2335 1355 2394 exhibitum

198 2437 291 2496 tuisse
312 2443 381 2509 post
402 2436 543 2508 epistolas
566 2442 595 2493 et
616 2435 744 2495 earmina
765 2435 893 2494 indicem
908 2436 1262 2510 librorumgenuinorum
1278 2439 1355 2510 quos

197 2537 262 2611 ipse
283 2534 455 2594 Aristoteles
476 2535 583 2594 eodem
606 2537 846 2595 eortsiiiitenore
867 2537 898 2594 in
921 2537 1059 2609 extremis
1082 2539 1256 2613 plerumque
1271 2537 1355 2596 libris
1412 2608 1415 2610 ,

196 2645 226 2696 et
244 2623 434 2696 'citationibus
456 2638 556 2697 multis
580 2635 742 2712 significate
764 2639 939 2697 coniunctos
954 2655 1023 2698 esse
1037 2641 1137 2699 veluit
1168 2640 1355 2698 Manifestum

196 2739 277 2799 enim
298 2743 345 2797 est
367 2739 403 2795 ad
423 2739 580 2799 confusum
602 2740 681 2798 iilam
703 2740 881 2813 scriptorum
910 2741 941 2798 in
961 2743 1069 2800 eodem
1088 2750 1266 2815 argumente
1289 2757 1355 2799 rer-

174 2886 177 2899 ,
197 2839 336 2910 santium,
359 2839 682 2912 hypomnematicornm
700 2842 878 2916 pierumque
897 2851 986 2915 atque
1002 2842 1104 2900 ordine
1121 2843 1200 2902 omni
1215 2856 1358 2916 nexuque

197 2939 429 3013 cohaerentium,
457 2957 584 3014 qnorum
610 2942 641 3000 in
654 2942 760 2999 -iihris
780 2944 817 3001 de
838 2943 1013 3003 Aristotelis·
1031 2945 1217 3019 philosophia
1240 2945 1354 3002 Andro-

197 3042 283 3100 nicus
305 3031 485 3125 ἐλεύθερος
501 3033 590 3124 ἀνήρ
610 3043 727 3115 (Galen
744 3044 789 3116 IV,
801 3042 879 3117 782)
897 3053 1054 3104 accuratos
1072 3046 1220 3104 reterehat
1241 3045 1355 3103 indices

113 3168 116 3171 Α
197 3154 337 3203 versuum
359 3158 514 3202 numerum
536 3144 567 3201 in
589 3144 715 3217 singulis
734 3145 789 3216 (cf.
814 3146 845 3202 h.
862 3146 894 3203 L.
918 3146 948 3204 in
963 3146 1059 3205 indica
1074 3147 1247 3205 Xenocratis
1258 3147 1288 3218 4,
1302 3143 1353 3204 134

196 3244 309 3306 Ritsehl
330 3245 412 3305 Alere
435 3246 508 3304 Bihi.
526 3244 686 3307 1022121.
720 3245 835 3304 Adrasr.
858 3262 904 3319 ap·
930 3247 1030 3321 Simpl.
1055 3246 1192 3322 soree,
1207 3246 1266 3320 39)
1299 3263 1358 3305 no-

195 3357 301 3422 tasque
329 3348 365 3404 de
384 3344 533 3405 iihrornm
561 3349 732 3408 auctoritate
765 3347 880 3407 criticas
909 3351 1035 3422 addens,
1060 3353 1239 3410 ¹adhomm
1265 3349 1355 3423 igitur

197 3451 304 3510 molem
326 3448 473 3524 pertinere
499 3464 560 3507 non
587 3452 721 3525 potuisse
750 3450 870 3509 editoris
894 3464 1013 3524 operam
1036 3451 1086 3525 qni
1108 3447 1149 3514 cd
1166 3445 1354 3536 Ἀριστοτέ-

199 3547 279 3622 λους
310 3543 367 3611 καὶ
402 3539 622 3633 Θεοφράστου
655 3545 703 3626 εἷς
736 3545 966 3632 πραγματείας
999 3548 1103 3614 deoida
1136 3542 1198 3628 coir
1226 3544 1355 3626 οἰκείας

196 3641 384 3723 ὑποθέσεις
415 3642 464 3724 εἰς
496 3644 599 3715 ταύτὸ
632 3644 825 3734 συναγαγών
859 3655 1014 3730 (Porphyr.
1045 3657 1094 3714 vit.
1125 3656 1229 3714 Plotia.
1259 3653 1355 3726 ο.17ι

197 3750 333 3825 clins),
362 3753 439 3821 sicut
457 3754 526 3814 ante
554 3757 661 3815 fecerat
683 3755 714 3813 in
734 3755 935 3827 Epicharmeis
955 3756 1161 3828 Apollodorus,
1185 3755 1253 3812 iecit
1271 3752 1354 3826 post·
1395 3767 1400 3769 ·

198 3855 319 3912 modum
351 3852 381 3914 in
407 3856 514 3916 Plotini
547 3859 714 3916 enneodum
745 3853 875 3915 editione
905 3856 1092 3930 Porphyrius
1142 3855 1224 3923 Quae
1257 3855 1354 3928 quetis

198 3970 287 4029 opera
300 3955 388 4015 inerit
402 3961 531 4018 ostendit
544 3949 564 4042 ἡ
582 3950 697 4040 λογικῇ
714 3946 927 4038 πραγματεία
944 3957 1040 4029 (Aiax.
1052 3957 1081 4013 in
1092 3946 1353 4030 supraema)

197 4072 284 4130 quem
306 4073 367 4117 non
390 4061 515 4119 dubitari
538 4066 635 4133 potest
657 4060 827 4134 (utsupra)
851 4059 923 4132 qnin
946 4073 982 4116 ex
1005 4057 1042 4115 iis
1061 4056 1355 4132 quirunotegontur

197 4159 278 4227 libris
305 4160 375 4243 iicet
402 4163 439 4220 de
467 4163 644 4236 quibusdam
667 4162 841 4221 dubitaverit
866 4162 924 4219 iam
946 4159 1147 4231 Andronicus,
1174 4158 1225 4232 qui
1239 4155 1353 4232 iogicis

164 4336 166 4339 v
197 4262 496 4322 ornnem'editionem
518 4263 919 4337 ordiehatuncomposuerit
930 4262 980 4335 (ct.
994 4261 1067 4319 Ptol.
1079 4276 1125 4334 op.
1139 4258 1277 4321 Wenrieh
1289 4258 1356 4318 1411

199 4365 248 4436 rui
270 4385 308 4437 rr.
332 4353 403 4444 ἓρμ.
425 4363 532 4426 iihrum
553 4364 723 4425 dialecticae
745 4365 909 4425 secundnm
925 4363 1169 4436 ‘'assaadnotet);‹
1188 4361 1355 4422 idem‘rore·
