2954 5034
780 340 822 400 22

225 517 251 575 si
272 521 427 575 sumentur
448 511 613 574 secuudum
635 512 844 572 islandicorum
867 507 1034 582 exemplum
1056 501 1151 565 tenaci
1166 500 1306 564 memoria
1321 483 1385 560 lero

226 618 442 681 immutata-
465 617 544 689 quod
565 616 612 674 vel
634 612 771 672 carminis
794 613 830 670 de
852 609 1065 680 Hildebrando‚
1089 608 1136 666 cui
1157 609 1219 665 lere
1242 603 1384 663 similiora

226 718 415 777 forentnoni
439 717 530 776 seculi
554 714 707 774 Homerica
729 720 758 771 et
780 729 796 771 a
819 713 927 785 scripto
951 711 1078 768 Homero
1105 708 1302 768 cultissimum
1321 702 1384 763 iam

200 806 201 809 ¹
225 827 343 893 tempus
365 819 539 878 ostendente
562 809 648 890 plane
670 815 800 886 diversa,
828 807 907 888 apud
922 817 1076 870 'nostrates
1099 811 1266 868 seculorum
1289 815 1386 865 muta-

227 921 324 980 tiones
350 917 533 979 ostendeutis
561 919 729 991 exemplum
756 917 862 976 refutet
885 944 924 956 -
953 912 1079 987 amplius
1107 909 1241 986 dignosci
1267 908 1387 983 possint

227 1029 256 1080 et
278 1021 416 1080 exsecari.
462 1021 505 1079 Ad
528 1020 597 1078 talia
619 1020 708 1092 euim,
732 1017 816 1092 quasi
835 1033 895 1077 nou
919 1015 978 1074 sint
999 1014 1143 1088 aequabili
1166 1020 1271 1086 poetae
1285 1011 1388 1070 labore

227 1122 326 1180 omnia
348 1128 474 1181 novante
496 1121 527 1180 iit
549 1137 641 1180 unum
668 1130 777 1195 corpus
800 1119 938 1189 confusa,
965 1132 1000 1175 aa
1023 1116 1122 1175 omnia
1147 1114 1255 1174 selecta
1278 1114 1389 1171 referre

227 1240 304 1296 quae
332 1223 413 1297 ipsas
438 1239 488 1281 res
514 1223 673 1282 narrationi
704 1220 874 1296 procedenti
901 1217 1085 1277 necessarias
1112 1216 1264 1275 continent
1291 1216 1330 1274 ob
1356 1214 1388 1272 id

228 1324 327 1397 ipsum
350 1325 410 1408 lere
432 1323 563 1397 meliora,
586 1341 678 1399 quum
702 1325 783 1398 opica
805 1322 905 1397 poesis
924 1320 1059 1378 ‘unanime
1075 1334 1201 1378 ararum
1214 1322 1389 1390 argumento

228 1433 260 1484 et
282 1425 422 1499 dignitate
446 1428 571 1500 pendeat
593 1434 681 1501 atque
704 1433 816 1500 poetae
830 1425 952 1483 facultas
975 1438 1034 1496 quo
1057 1421 1154 1480 minor
1175 1427 1221 1477 est
1235 1417 1390 1491 magisque

230 1541 248 1583 a
269 1516 359 1585 rebus
382 1536 529 1601 suspensa
551 1545 587 1588 co
608 1529 674 1602 ipso
690 1530 728 1588 sit
742 1523 963 1600 inaequabilior,
986 1522 1119 1597 quamvis
1140 1524 1269 1580 ceterum
1291 1534 1390 1592 neque

231 1641 369 1686 sermone
391 1642 490 1702 neque
511 1643 612 1688 revera
627 1629 752 1704 ingenio
776 1627 890 1687 diversa
906 1626 953 1696 sit,
977 1625 1006 1685 id
1022 1630 1055 1682 ut
1069 1622 1256 1697 ingeniosum
1269 1622 1390 1696 quidem

232 1735 279 1785 est
301 1735 330 1785 et
350 1729 477 1787 maxime
505 1731 676 1789 delectabile
703 1730 743 1788 ita
769 1705 920 1787 iniustum.
966 1727 1030 1795 Qiia
1053 1726 1083 1782 in
1105 1741 1137 1783 rc
1160 1741 1257 1799 neque
1281 1726 1318 1783 de
1340 1723 1390 1781 lll-

231 1819 410 1902 beldegius,
445 1832 554 1889 nedum
588 1832 635 1891 de
657 1830 819 1890 Homericis
852 1832 944 1888 inulto
977 1826 1080 1886 maiori
1114 1842 1181 1885 cum
1214 1833 1275 1885 arte
1307 1824 1391 1883 lactis

232 1928 421 1988 Lachmanno
448 1933 615 1992 consentire
641 1948 774 2005 possum.
803 1931 941 1989 Homeri
967 1945 1037 1988 vero
1066 1928 1183 1988 carmen
1211 1929 1287 1987 sicut
1311 1928 1391 2001 apud

234 2044 290 2087 nos
312 2031 409 2088 medio
431 2049 504 2091 aevo
519 2033 635 2091 initium
658 2033 712 2092 fuit
734 2033 932 2107 amplissimae
956 2031 1106 2104 epicorum
1129 2030 1291 2089 carminum
1307 2029 1391 2103 poesi

233 2131 340 2224 similis
362 2134 489 2193 ambitus
512 2136 667 2209 variaeque
689 2135 760 2194 artis
781 2137 869 2208 louge
885 2134 988 2192 ‘tamen
1005 2134 1041 2193 ab
1057 2133 1212 2191 Homerica
1226 2132 1393 2190 recedentis

233 2231 294 2291 iere
321 2241 354 2293 ut
379 2252 397 2293 a
423 2236 623 2311 Nibelungicis
654 2244 752 2295 cetera
777 2238 815 2295 de
842 2235 948 2294 fabulis
976 2235 1156 2294 Germanicis
1184 2233 1312 2292 cannino
1339 2234 1392 2306 (ci.

233 2334 373 2397 Thebaid.
397 2336 433 2395 fr.
452 2338 481 2396 2.
498 2334 528 2398 3.
563 2338 665 2397 Dllntz.
690 2339 776 2413 Cypr.
800 2340 833 2395 su.
855 2334 883 2396 5.
907 2338 937 2394 ll.
962 2353 1040 2409 parv.
1058 2336 1091 2393 ir.
1108 2334 1143 2408 7)
1182 2341 1395 2409 poetarumque

234 2437 361 2494 maxime
393 2439 573 2509 lonicorum,
611 2455 680 2496 mox
708 2454 777 2496 vero
801 2438 979 2496 Graecorum
1013 2438 1043 2495 in
1076 2438 1193 2510 Europa
1214 2436 1314 2493 ¹etiam
1348 2446 1397 2495 se-

235 2539 365 2595 cundum
398 2539 590 2599 imitationem
623 2528 806 2599 Homericam
842 2540 902 2612 (ct
919 2539 1070 2597 llircbboff
1096 2538 1150 2607 Qu.
1170 2525 1263 2595 Honr.
1292 2539 1394 2612 partic.
1469 2548 1471 2562 ·

234 2654 262 2711 p.
281 2637 321 2698 16
333 2643 419 2715 sqq.)
445 2659 521 2716 quae
543 2642 608 2716 ipsa
630 2641 827 2700 certissimum
852 2640 952 2715 scripti
975 2640 1093 2698 Homeri
1115 2639 1317 2698 testimonium
1340 2647 1397 2713 est,

234 2756 284 2799 res
297 2749 404 2801 tamen
427 2745 519 2818 magis
547 2760 663 2803 narrare
691 2745 799 2803 multas
825 2759 914 2817 quam
941 2748 1002 2800 arte
1025 2738 1177 2800 delectare*
1192 2741 1398 2813 quaerentium

189 2906 191 2909 .
236 2849 266 2899 et
289 2842 442 2903 deficiente
465 2847 627 2905 carminum
649 2847 771 2906 materia
792 2847 885 2904 multa
906 2852 957 2902 aut
971 2842 1054 2900 novis
1071 2842 1177 2901 sabulis
1193 2842 1300 2900 additis
1316 2844 1399 2903 velut

238 2944 276 3001 de
297 2944 496 3004 Amazonibus
518 2954 548 3005 et
569 2948 761 3022 Aethiopibus
784 2957 835 3007 aut
857 2946 1021 3006 secundum
1036 2944 1199 3018 analogiam
1212 2944 1398 3004 Homericam

238 3043 295 3115 (ita
316 3045 481 3106 descensus
504 3049 534 3106 in
556 3049 667 3109 inferos
689 3052 760 3124 cto.)
784 3049 944 3124 repetendo
967 3046 1117 3104 arbitrario
1139 3044 1322 3120 lingentium,
1336 3046 1398 3119 qui

237 3145 284 3202 vel
307 3145 472 3206 fabularum
495 3166 600 3209 causas
622 3152 680 3210 iam
696 3153 914 3225 quodammodo
935 3149 1078 3223 explicare
1098 3149 1195 3206 conati
1213 3150 1265 3222 (cf.
1277 3147 1397 3206 llircbb.

238 3246 257 3302 l.
272 3261 296 3304 c.
312 3264 341 3320 p.
355 3245 412 3321 le)
437 3258 469 3307 ut
489 3253 545 3310 bac
567 3269 598 3311 re
621 3253 661 3311 ita
683 3259 881 3312 accusatorum
906 3251 1136 3324 descriptionum
1159 3250 1261 3326 (Cypr.
1273 3251 1307 3307 ir.
1319 3250 1348 3307 2.
1360 3247 1399 3322 3)

238 3348 338 3407 studio
361 3357 390 3408 et
411 3354 576 3426 argumenti
599 3355 786 3413 multitudine
809 3369 896 3428 quam
920 3352 1106 3427 reprehendit
1117 3351 1289 3410 Aristotcles
1306 3353 1400 3411 bisto-

238 3448 312 3509 riam
328 3461 504 3512 >noscentem
528 3455 605 3514 sicut
627 3456 703 3514 inter
719 3456 864 3514 Hesiodea
879 3456 1005 3515 maxime
1021 3456 1116 3513 E'oeac
1132 3453 1270 3511 indicant.
1315 3453 1400 3521 Quae

240 3551 359 3622 quidem
383 3555 512 3614 carmina
533 3557 589 3631 ipsi
606 3558 733 3615 Homero
756 3559 832 3630 apud
849 3563 963 3616 veteres
978 3559 1162 3631 plerumque,
1186 3532 1401 3629 posteaautem

240 3652 392 3711 doctorum
422 3656 597 3716 coniecturis
625 3658 751 3717 diversis
777 3658 991 3731 rhapsodoium
1020 3657 1190 3717 nominibus
1217 3663 1246 3713 et
1267 3657 1314 3712 vel
1334 3659 1402 3728 plu-

239 3753 322 3812 ribus
355 3754 472 3829 singula
504 3762 668 3818 secuudum
699 3760 807 3833 patrias
841 3774 916 3832 quae
950 3760 1145 3817 credebantur
1175 3757 1336 3830 adscripta,
1373 3768 1403 3818 et

240 3856 384 3928 quaedam
410 3860 458 3917 vel
484 3859 603 3921 Pbemio
632 3862 767 3921 sabuloso
796 3870 825 3920 et
850 3861 1017 3920 Demodoco
1046 3860 1136 3932 (Plut.
1160 3859 1197 3915 de
1219 3874 1296 3916 mus.
1319 3856 1340 3917 3
1365 3876 1400 3918 ex

240 3952 405 4031 Heraclide,
433 3961 468 4018 ci.
492 3961 601 4022 Tatian.
626 3965 675 4024 Or.
699 3966 763 4022 adv.
789 3964 837 4021 Gr.
861 3979 888 4035 p.
904 3958 998 4033 275),
1029 3961 1059 4017 in
1087 3959 1166 4018 omni
1188 3977 1257 4018 mon
1281 3962 1402 4021 Graecia

240 4056 318 4115 clara
340 4075 441 4132 sparsa
463 4070 560 4122 tamen
583 4066 663 4124 iuxta
690 4065 768 4123 varia
797 4066 860 4123 loca
888 4079 1012 4137 quorum
1037 4063 1151 4121 fabulas
1174 4063 1300 4122 maxime
1322 4066 1402 4124 ccle-

240 4158 360 4219 brarent
381 4195 422 4204 —
445 4165 514 4224 iude
537 4175 650 4238 septem
673 4167 739 4223 illae
762 4166 880 4223 Homeri
909 4166 997 4222 urbes
1021 4165 1131 4223 natales
1155 4165 1402 4239 -Hipparcbus

241 4260 336 4333 (idem
364 4265 441 4323 enirn
469 4274 516 4324 est
543 4268 622 4340 quod
650 4269 686 4326 de
710 4268 819 4326 Solone
848 4267 997 4326 Pisistrato
1026 4267 1190 4340 Hipparche
1218 4265 1353 4326 narratur
1375 4276 1405 4326 et

226 4363 277 4425 ,de
305 4365 471 4439 Hipparcho
501 4366 619 4437 quidem
647 4369 837 4441 quominus
860 4369 919 4428 illis
943 4370 1043 4428 'clarus
1073 4370 1126 4428 luit
1153 4387 1188 4429 eo
1217 4369 1403 4428 credibilius:
