2992 5032
691 347 733 412 83

137 517 172 574 de
195 516 374 590 Xenophane
395 520 499 592 (Arist
524 522 560 579 de
582 521 707 591 555152,
719 521 749 578 2.
774 523 889 582 Booolh
912 525 1011 583 Kosnt.
1036 528 1184 600 55511155
1207 510 1295 585 Plato

136 617 197 706 too
207 635 274 692 sqq.
298 636 374 694 quse
397 619 426 678 in
449 621 505 680 hoe
527 623 593 679 loeo
615 624 808 696 repugnantia
829 626 944 682 videtur
959 640 994 683 ex
1011 643 1045 685 eo
1061 626 1194 701 procedit
1208 629 1287 700 qnod

134 721 280 794 superiori
301 729 333 779 et
353 721 484 779 inferiori
511 723 614 780 mundi
640 724 773 796 partibus
799 740 836 782 ex
860 741 913 783 sua
940 725 1082 785 sententia
1106 728 1212 786 sumtis
1234 729 1289 803 Py-

133 823 318 896 thagoricum
340 823 413 880 illud
437 823 536 882 dextri
553 831 582 881 et
604 823 715 884 sinistri
739 824 906 899 discrimen,
931 827 967 884 de
990 842 1048 899 qno
1068 828 1287 900 solodicehant,

133 925 182 981 Ar.
202 924 437 996 oceontmodat);
460 924 497 982 de
520 927 631 983 mundo
653 933 682 983 et
703 941 780 984 circa
800 941 870 984 enm
892 922 1005 984 intinito
1018 927 1099 985 Stoh.
1111 930 1170 986 liei.
1184 927 1289 1001 i,'380

134 1023 237 1097 (Arist.
261 1025 347 1100 Phys.
364 1008 466 1096 d,6);'
495 1026 531 1084 de
559 1034 705 1084 astrorum
738 1028 841 1085 ordine
870 1036 898 1086 ct
924 1029 1004 1086 Jovis
1032 1044 1098 1087 arce
1121 1029 1222 1102 simpl.
1251 1033 1288 1088 dc

135 1125 224 1185 noeto
247 1126 314 1184 Seh.
332 1122 405 1198 505,
421 1125 463 1184 22
485 1135 513 1185 51
535 1124 607 1199 505,
623 1124 664 1187 35
687 1129 750 1200 (Ar.
772 1129 811 1186 de
832 1126 1043 1201 55515213).
1090 1129 1169 1197 Quae
1186 1130 1287 1189 eadem

134 1225 260 1286 maxinm
282 1242 341 1297 res,
365 1227 427 1284 soil.
452 1228 626 1300 qnod-nihil
648 1230 709 1287 fere
731 1229 913 1288 continuisse
934 1229 1071 1288 videntur
1091 1230 1148 1288 nisi
1165 1248 1287 1305 quacex

134 1327 200 1401 ipso
223 1327 287 1386 iam
303 1328 461 1387 Aristotele
483 1329 555 1388 satis
578 1339 646 1389 nota
668 1338 780 1403 essent,
803 1330 957 1388 obiiciatur
979 1332 1061 1389 libris
1084 1333 1121 1390 de
1143 1333 1228 1406 ideis,
1250 1335 1288 1391 de

133 1429 222 1501 hono,
245 1429 283 1488 de
305 1429 738 1503 philosophia,.Platonicorum
760 1426 921 1490 doctrinam
943 1434 1169 1507 tranetautihus,
1193 1450 1289 1508 neque

134 1545 203 1588 vero
231 1530 317 1588 etiam
339 1532 586 1606 Pythagoreorum
615 1541 647 1591 nt
671 1545 709 1590 ex
736 1535 889 1607 supposita
910 1535 1117 1609 Pythagoricae
1144 1543 1173 1594 et
1194 1536 1289 1594 Plato·

71 1620 73 1623 ’
134 1630 217 1689 nioae
251 1631 401 1690 doctrinae
429 1632 620 1693 similitudine
643 1635 740 1693 dicere
762 1635 859 1693 solent
889 1637 1064 1709 interpretes
1087 1636 1288 1710 Neoplatonici

135 1730 917 1808 (51811151.51111115551111151(1511112),
953 1752 1027 1810 quos
1060 1738 1166 1795 eodem
1202 1739 1288 1817 plane

135 1833 222 1892 modo
244 1840 313 1906 post
334 1832 430 1905 ipsius
453 1835 609 1895 Alexandri
638 1836 706 1894 licet
731 1836 871 1896 cautioris
898 1837 1065 1910 exemplum
1088 1839 1119 1896 in
1141 1824 1289 1914 Metaphy-

135 1935 264 1997 sieoinm
287 1926 373 1993 etiam
396 1936 590 2009 explicatione
613 1945 744 1996 versatos
768 1953 846 1995 nnnc
871 1938 990 1996 demum
1013 1939 1115 1997 Bonitz
1142 1955 1240 2013 neque
1263 1941 1288 1998 is

134 2045 233 2095 tamen
266 2037 297 2094 in
324 2037 461 2095 omnihus
476 2031 480 2041 “
494 2037 603 2110 quihus
631 2038 732 2096 debuit
757 2039 830 2096 loeis
853 2037 992 2100 conexit&
1027 2054 1103 2112 quos
1124 2040 1207 2113 ipsos
1230 2057 1290 2100 non

135 2138 245 2211 legisse
266 2138 358 2208 libros
380 2137 447 2195 illos
471 2153 507 2195 ex
528 2138 693 2196 Alexandro
717 2138 848 2208 citantes,
872 2139 901 2194 in
925 2139 990 2210 ipso
1013 2123 1187 2198 vero'textn
1201 2142 1290 2199 inter-

135 2238 277 2312 pretando
304 2237 387 2295 nihil¹
405 2237 484 2295 alind
513 2245 634 2310 agentes
661 2255 749 2311 quam
776 2253 851 2310 quae
879 2237 943 2309 ipse
970 2239 1082 2312 passim
1105 2241 1142 2297 de
1164 2241 1239 2301 ideis
1262 2250 1291 2301 et

134 2338 268 2400 numeris
300 2337 422 2397 tradidit
451 2337 622 2396 Aristoteles
656 2354 690 2396 en
720 2340 753 2398 ut
783 2338 904 2421 noerius
937 2337 1134 2413 subtiliusque
1167 2357 1203 2399 ex
1238 2359 1292 2400 sua

135 2446 234 2500 mente
267 2439 459 2511 explicarent,
493 2445 522 2496 et
554 2439 741 2498 manifestum
774 2448 820 2498 est
849 2440 902 2512 (51.
926 2439 1050 2497 Brundis
1077 2441 1114 2499 de
1136 2444 1217 2515 perd.
1242 2445 1288 2502 Ar.

136 2531 219 2601 libris
242 2543 280 2600 de
298 2541 340 2601 id.
363 2548 393 2598 et
415 2540 452 2597 de
472 2539 553 2599 hono
575 2555 604 2611 p·
624 2536 653 2597 5.
669 2538 721 2598 47.
744 2541 985 2613 Trendclenhnrg
1007 2541 1044 2597 dc
1056 2540 1094 2599 id.
1112 2555 1141 2615 p.
1154 2543 1194 2604 26
1208 2551 1290 2621 sqq.)

137 2644 265 2716 dicitque
288 2642 397 2699 diserto
420 2640 516 2699 Schol,
538 2643 605 2698 cod.
622 2656 683 2714 reg.
700 2638 773 2711 788,
788 2637 839 2699 45.
873 2639 975 2712 Neque
990 2642 1037 2698 vel
1050 2642 1114 2714 ipse
1127 2644 1292 2705 Alexander

137 2746 187 2820 qui
216 2746 252 2803 de
278 2743 355 2807 ideis
381 2741 521 2801 Phaniam
548 2742 643 2799 etiam
662 2749 691 2800 et
718 2742 881 2798 Eudemum
908 2740 976 2798 oitnt
1002 2755 1078 2798 nora
1103 2742 1172 2800 inde
1194 2747 1290 2820 tradit,

136 2848 202 2920 ipsa
229 2843 392 2904 Aristotelis
426 2838 597 2915 argumenta
629 2842 766 2913 pluribus
792 2841 853 2898 iere
880 2840 1003 2913 suisque
1029 2842 1127 2901 verhis
1154 2853 1292 2920 repetens

138 2963 194 3008 nco
216 2948 342 3006 fortasse
363 2945 476 3003 maiore
489 2943 554 3001 iure
570 2957 605 3000 ea
621 2952 696 3014 qnae
713 2946 833 3014 exponit
849 2958 876 3014 p.
890 2938 942 3012 59,
957 2939 1072 3002 8-217.
1090 2942 1141 3018 72,
1155 2943 1290 3021 tumre,

138 3049 180 3113 to
202 3046 455 3122 (contueamur.
478 3061 507 3118 p.
525 3042 597 3102 tte.
619 3043 715 3101 zeter
736 3043 769 3114 u,
794 3040 855 3103 teo
868 3029 930 3117 sq.)
963 3059 999 3102 ex
1032 3045 1115 3104 ituris
1148 3049 1185 3105 ne
1217 3050 1292 3111 tuns

138 3151 286 3212 sumsisse
307 3147 471 3222 putandus,
507 3163 594 3219 qnam
627 3135 761 3207 ἔκθεσιν
792 3144 869 3202 illam
899 3145 1032 3203 idearum
1058 3149 1292 3220 neoplntonicam

140 3251 366 3330 p.91,10sqq.
410 3249 476 3322 lpse
505 3248 624 3322 quidem
650 3248 722 3313 illud
753 3245 898 3320 significet
925 3247 1065 3320 syrianus
1099 3250 1145 3320 (in
1168 3251 1292 3324 Metaph.

140 3364 261 3416 extrem.
284 3341 378 3411 κάκεῖ
398 3384 439 3393 -
462 3351 492 3408 in
515 3350 598 3408 libris
621 3365 663 3408 sc.
686 3350 724 3406 de
746 3348 821 3406 ideis
843 3346 885 3388 -ὲ
912 3341 954 3406 τὰ
982 3337 1067 3407 αὐτὰ
1093 3339 1293 3424 draconta),

141 3460 217 3517 duos
239 3455 331 3515 luisse
366 3455 402 3512 de
421 3452 500 3510 ideis
527 3451 619 3509 libros
646 3457 769 3507 testatus
794 3449 856 3518 (ap.
880 3446 1003 3504 Braudis
1027 3448 1093 3505 Scit.
1118 3448 1148 3504 in
1169 3450 1292 3525 Metnph.

140 3554 245 3630 302,1
261 3576 296 3604 ε·-
311 3551 453 3623 351,24)
476 3549 641 3609 Aristotelis
664 3554 764 3605 contra
786 3545 915 3603 Platonis
938 3545 1019 3602 ideas
1042 3548 1145 3606 eadem
1167 3545 1243 3623 quae
1264 3540 1303 3611 et

140 3663 172 3723 in
194 3653 400 3729 Metaphysicis
423 3651 594 3724 argumenta
615 3663 696 3706 mere
718 3646 866 3705 dialectiea
888 3654 1055 3720 repetentes
1078 3649 1129 3727 (cl.
1154 3651 1250 3711 Schol.
1264 3655 1294 3712 in

129 3763 261 3836 Dionys.
285 3759 387 3816 Thrac.
412 3770 457 3827 op.
476 3753 601 3811 Bellen
625 3751 733 3808 Aneod.
757 3765 800 3822 gr.
818 3749 851 3821 ll,
868 3745 940 3835 660,
958 3744 1013 3807 32:
1047 3737 1131 3833 περὶ
1152 3742 1250 3814 ἰδεῶν
1263 3743 1296 3815 ¹ii

142 3856 229 3946 πρὸς
248 3853 311 3933 τὰς
332 3845 518 3927 Πλάτωνος
540 3842 633 3927 ἰδέας
655 3844 743 3913 ἐστὶν
757 3838 846 3932 αὐτῷ
868 3844 1091 3931 πεποιημένα.
1119 3869 1156 3911 ex
1171 3841 1295 3928 syriano

142 3966 223 4040 apud
244 3963 325 4020 illex.
349 3960 379 4017 in
402 3959 468 4020 Met.
486 3952 589 4028 63,15
614 3953 820 4028 corrigendum
842 3959 888 4010 est
909 3940 995 4028 1511
1017 3963 1071 4026 pro
1094 3943 1128 4014 ἓν
1146 3942 1191 4025 δ’,
1213 3969 1297 4026 prae-

144 4067 246 4125 sertim
268 4077 360 4138 qnum
382 4061 413 4118 in
435 4060 538 4144 eadem
560 4074 593 4116 re
615 4056 713 4130 paullo
725 4061 792 4112 ante
811 4070 841 4127 p.
855 4050 938 4124 net
960 4055 1097 4130 primurn,
1120 4046 1189 4112 mox
1204 4070 1231 4127 p.
1246 4051 1296 4124 73,

146 4165 197 4226 11.
215 4161 321 4236 tone
342 4164 508 4222 secundnm
530 4160 556 4218 is
579 4158 656 4216 citet.
687 4157 722 4214 51.
739 4157 772 4215 h.
790 4154 822 4212 L'.
839 4153 869 4228 5,
886 4152 928 4214 23
952 4149 1109 4236 περὶτῆς
1131 4145 1225 4224 ἰδέας
1247 4143 1299 4212 eil

147 4266 286 4325 wenrich
308 4262 371 4322 144
394 4265 452 4334 „de
474 4262 549 4320 ideis
571 4268 670 4319 utrum
691 4258 817 4317 existant
838 4273 894 4317 noc
915 4273 953 4315 nc
975 4256 1042 4314 libri
1055 4257 1133 4326 lll”).
1162 4254 1298 4335 Ceterum
1337 4272 1338 4275 ¹

148 4360 227 4449 περὶ
253 4355 351 4426 εἰδῶν
376 4362 467 4441 libros
496 4363 642 4436 scripsere
671 4367 699 4417 et
721 4356 889 4418 Heraclides
912 4352 1132 4512 (11151688)
1155 4362 1183 4412 et
1204 4356 1300 4428 Speu-

835 4460 836 4464 ¹
1086 4456 1103 4492 ’B
