2954 5034
661 355 699 415 51,

103 533 133 584 et
154 523 282 582 Platonis
305 524 435 598 magistri
454 524 491 584 ot
513 525 649 598 discipuli
673 526 879 600 Theophrasti,
910 543 1027 602 unaque
1047 531 1256 604 reputantibus

104 642 163 685 non
187 627 284 686 solum
306 633 415 684 tantam
438 641 507 684 esse
529 627 619 684 iniis
642 626 791 689 doctrinae
819 629 998 703 rationisque
1024 631 1258 704 aequabilitatem

98 735 306 800 maturamque
334 726 553 799 certitudinem,
580 735 639 785 tarn
665 728 852 787 manifestum
878 731 955 790 inter
978 721 1115 807 'singulos
1139 733 1256 793 'consilii

98 837 133 887 et
158 827 346 903 procedentis
362 850 365 851 ⁷
381 828 549 901 scriptionis
585 845 707 900 nerum,
742 837 774 888 ut
800 831 902 889 eadem
936 822 1040 890 omnes
1073 834 1148 892 vitae
1174 842 1282 908 partex

103 930 231 1004 scriptos
264 945 333 989 esse
360 929 551 988 concludatur
584 945 677 1003 eaque
710 930 830 1002 quidem
851 916 1017 1004 postrema
1036 934 1162 1000 senioris
1189 944 1257 1008 post

98 1039 227 1090 mortem
250 1030 380 1105 magistri
402 1029 577 1101 Aristotelis,
600 1031 628 1090 id
652 1032 732 1105 quod
754 1031 819 1105 ipsa
842 1019 943 1091 eorum
965 1034 996 1091 in
1018 1033 1174 1105 iudicando
1193 1035 1257 1093 Pla-

98 1139 180 1193 tone·
208 1133 326 1191 libertas
365 1132 572 1206 doctrinaeque
610 1133 774 1207 proprietas
813 1135 898 1192 docet
931 1142 960 1192 et
993 1134 1164 1206 auctoritas,
1202 1150 1257 1194 neo

103 1249 242 1307 nmquam
270 1235 307 1292 de
335 1223 542 1292 his'omnibus
565 1224 655 1303 rebus
682 1251 759 1307 quos
782 1251 818 1292 ex
841 1230 945 1294 ordine
970 1237 1064 1310 tangit
1088 1238 1146 1295 iam
1173 1238 1256 1311 prius

96 1335 262 1409 :scripsisse
284 1350 352 1393 enni
377 1335 493 1393 citando
517 1335 696 1408 siguificare,
720 1351 811 1409 quum
838 1346 935 1395 tamen
959 1353 1034 1409 quae
1056 1348 1172 1412 praeter
1192 1355 1257 1398 ser-

97 1444 167 1494 rata
188 1442 305 1509 tempus
332 1436 508 1509 illudquod
534 1438 610 1502 inter
631 1436 760 1495 Platonis
783 1437 1006 1512 Aristotelisque
1034 1441 1255 1500 1111111111-

99 1538 271 1597 ceditsatis
293 1553 442 1610 superque
465 1539 610 1611 explentia
632 1537 674 1596 illi
688 1539 854 1599 tribuantur
868 1539 950 1612 prius
973 1540 1082 1613 scripta
1104 1542 1257 1615 cogitanda

102 1640 162 1698 sint
183 1640 298 1698 iuvenis
321 1647 350 1697 et
372 1639 513 1698 discentis
536 1655 634 1713 opera,
657 1657 745 1713 porro
769 1639 818 1713 qui
841 1624 919 1700 unus
934 1641 1010 1699 liber
1024 1641 1081 1700 illis
1098 1643 1256 1716 deperditis

100 1741 207 1799 similis
229 1740 329 1805 haberi
352 1748 450 1814 potest
470 1730 700 1821 προβλήματα
729 1744 765 1801 de
793 1743 882 1802 rebus
909 1743 1039 1818 physicis
1066 1744 1106 1802 ita
1133 1745 1256 1818 simplici

101 1842 185 1902 titulo
219 1842 344 1901 citantur
369 1850 402 1899 ut
427 1841 561 1900 eiusdem
594 1853 743 1916 praeterea
768 1844 883 1904 consilii
911 1847 1009 1904 nullos
1036 1845 1128 1904 libros
1156 1848 1192 1911 ah
1221 1863 1257 1905 eo
1297 1877 1299 1885 ν
1358 1915 1360 1922 y

101 1944 228 2018 scriptos
251 1959 319 2002 essa
342 1923 514 2015 declaretur,
537 1943 635 2016 ipsum
658 1946 785 2019 denique
801 1947 859 2005 iarn
875 1947 1256 2020 Cephisodommlsocratis

15 2033 18 2037 ’
101 2047 278 2120 discipulum
301 2061 388 2116 quarn
410 2044 506 2102 aliena
527 2046 599 2102 haec
622 2047 719 2104 ournia
744 2047 803 2104 sint
825 2049 861 2105 ab
876 2048 1031 2106 Aristotele
1043 2049 1258 2122 philosophum

103 2162 220 2218 semper
242 2161 275 2202 se
297 2152 416 2223 gerente
438 2161 596 2217 rerumque
624 2163 683 2203 non
707 2146 763 2204 nisi
786 2147 990 2219 philosophiae
1013 2165 1102 2207 causa
1125 2155 1154 2206 et
1176 2152 1258 2209 theo-

102 2247 161 2304 riae
185 2245 326 2313 studioso
342 2260 384 2321 eo3
402 2245 566 2318 significare
580 2246 669 2320 quod
691 2245 899 2304 Aristoteleum
925 2263 1037 2306 morem
1065 2248 1095 2306 in
1120 2251 1257 2309 omuibus

102 2348 184 2407 libris
212 2363 303 2421 quum
329 2346 460 2420 physicis
487 2355 549 2404 tum
578 2347 684 2405 ethicis
707 2331 1069 2421 politicisqueproverbia
1090 2352 1259 2423 cumulandi

103 2455 132 2508 et
154 2448 237 2522 quasi
260 2464 296 2506 ex
318 2447 397 2520 vulgi
416 2448 609 2506 sermonibus
633 2447 794 2505 doctrinam
817 2448 950 2507 firmandi
973 2450 1024 2521 (ci.
1045 2430 1122 2524 ¹qnae
1139 2452 1175 2510 de
1190 2469 1258 2526 pro-

102 2526 219 2615 verbiis
239 2548 308 2606 dicit
335 2557 436 2609 auctor
462 2550 581 2621 quidam
607 2549 815 2622 peripateticus
842 2551 918 2622 apud
948 2551 1052 2641 Synes
1077 2569 1145 2612 1111.
1164 2555 1257 2613 calvit.

103 2648 215 2727 118511
236 2651 379 2708 Petam:
393 2669 421 2725 p.
435 2638 475 2710 29
488 2651 591 2720 Krab.)
614 2657 762 2723 tamquam
785 2649 961 2723 philosopho
984 2647 1138 2726 indiguum
1161 2671 1259 2726 repre·

103 2755 205 2814 hendit
228 2754 291 2826 (hic
313 2754 391 2813 euim
414 2769 522 2811 sensus
545 2759 591 2809 est
611 2753 667 2810 loci
691 2753 726 2809 ah
750 2752 888 2810 omnibus
911 2751 987 2810 male
1002 2753 1140 2812 intellecti
1156 2754 1259 2812 Athen.

68 2856 70 2866 ¹
104 2859 138 2930 ll,
155 2857 196 2917 60
220 2833 316 2928 neque
339 2854 428 2927 igitur
450 2870 485 2911 eo
509 2853 595 2911 tutari
618 2860 716 2925 potest
734 2852 809 2909 liber
823 2852 1260 2914 Aristotelis'nomineornatus

107 2962 147 3018 de·
166 2955 330 3032 proverbiis
353 2987 393 2995 -—
406 2933 454 3012 oi.¹
467 2955 552 3014 Stahr
575 2953 660 3012 Arist.
680 2954 705 3024 ¹1,
722 2951 773 3013 70.
798 2954 830 3024 ll,
847 2950 897 3013 43.
921 2955 1045 3013 Brandis
1067 2955 1154 3014 Arist.
1177 2958 1197 3026 l,
1211 2956 1260 3016 72.

107 3056 311 3133 Schneidewin
327 3056 528 3128 >Paroemiogn
552 3072 580 3128 p.
595 3056 693 3129 lsqq
709 3054 738 3113 C.
753 3055 856 3113 Mdller
867 3056 900 3113 ir.
914 3056 981 3114 hist.
995 3058 1018 3116 ΙΙ
1032 3075 1061 3130 p.
1080 3053 1142 3118 188
1154 3091 1194 3100 -
1212 3058 1261 3132 qui
1316 3124 1324 3138 ‚

108 3179 198 3237 quum
222 3171 368 3233 nusquam
395 3158 515 3217 omnino
539 3155 657 3228 citetur,
686 3171 774 3228 saepe
801 3172 869 3215 vero
892 3158 1114 3229 proverbiorum
1137 3160 1263 3232 explica·

107 3264 204 3327 tiones
227 3261 391 3322 Aristotelis
418 3259 466 3317 adv
481 3249 565 3316 alios
583 3257 644 3316 scil.
669 3257 760 3317 libros
786 3254 911 3316 maxime
934 3258 1050 3331 politias
1073 3260 1108 3316 ci.-
1132 3261 1165 3317 fr.
1189 3259 1261 3320 110.

88 3363 180 3425 139.
205 3353 374 3422 112143.
402 3358 473 3421 157.
502 3358 573 3418 tor.
603 3356 674 3418 108.
704 3356 776 3417 170.
801 3355 872 3416 176.
902 3356 973 3418 179.
998 3356 1070 3417 193.
1094 3359 1165 3418 200.
1190 3359 1261 3420 206.

108 3465 384 3534 21911111111111,
418 3463 496 3519 idern
529 3461 644 3517 videtur
675 3474 740 3514 curn
775 3474 810 3514 eo
840 3458 889 3529 qui
917 3459 954 3515 ab
981 3456 1046 3516 aliis
1074 3458 1263 3531 Theophrasti

110 3567 317 3641 perhibebatur
344 3564 379 3619 11.
403 3562 485 3620 Suid.
510 3576 540 3617 s.=
560 3549 639 3638 ἀρχή
664 3544 769 3636 ἄνδρα
792 3565 846 3615 111.
868 3566 910 3645 Ι11
936 3558 969 3615 D.
992 3559 1023 3616 L.
1054 3557 1083 3631 in
1111 3560 1265 3635 utriusque

112 3670 218 3740 indice,
243 3663 447 3726 Schneidewin
470 3679 498 3734 p.
516 3661 576 3732 lv),
599 3658 770 3731 intelligitur
791 3657 920 3716 medium
944 3660 1091 3731 quendam
1112 3659 1266 3721 11111911·

111 3779 211 3832 ionem
235 3775 263 3826 et
285 3766 518 3839 Theophrastum
540 3767 641 3819 tenere
663 3760 759 3818 locum
781 3759 947 3818 Aristotelis
970 3760 1161 3833 scriptionem»
1174 3779 1266 3837 aequa

113 3873 258 3932 diversam
281 3875 310 3926 et
332 3865 469 3924 abillius
487 3863 522 3920 in
546 3862 701 3921 scribendo
724 3860 794 3919 artis
810 3860 907 3919 studio
920 3862 1076 3934 sonnoque.
1086 3861 1268 3935 dialogorum

113 3972 254 4033 rhetorica
279 3976 307 4026 et
328 3970 364 4027 ab
387 3967 475 4025 huius
498 3980 604 4023 rerum
619 3964 748 4036 ipsarum
771 3962 1007 4036 eruditionisque
1030 3963 1187 4036 praecipuo
1211 3946 1267 4020 iarn

114 4090 213 4134 amore
234 4072 376 4144 librisque
399 4085 458 4128 non
483 4067 628 4140 integrum
651 4064 822 4137 disciplinae
844 4064 995 4135 ambitum,
1018 4052 1120 4121 verum
1135 4064 1269 4135 singulos

116 4179 198 4236 locos
225 4173 346 4232 uberius
373 4170 564 4229 tractantibus
587 4166 837 4240 monographicis‚
865 4163 1036 4238 intelligitur
1056 4165 1092 4222 ab
1116 4163 1269 4221 Aristotele

118 4279 168 4350 qui
191 4276 237 4333 vel
265 4275 294 4331 in
323 4273 360 4330 iis
388 4288 463 4344 quae
490 4270 626 4329 historica
657 4267 791 4340 scripsit,v
821 4265 972 4345 historiam
986 4264 1065 4322 -dico
1092 4261 1269 4329 animalium,

118 4380 186 4452 ipsa
205 4373 320 4431 consilii
337 4370 704 4444 unitateargumeutique
726 4368 871 4442 praeclare
900 4373 929 4422 et
950 4365 1036 4423 divisi
1064 4371 1092 4421 et
1114 4363 1270 4434 comparati

1029 4465 1072 4520 4*
