2954 5048
627 337 689 401 255

48 500 181 588 ‘ouantia
215 511 280 570 libri
314 508 416 571 Graeci
448 496 699 568 transferebantur
732 508 960 568 Lincolniensis-
986 513 1112 572 maxime
1146 531 1235 589 opera

73 612 202 672 bominis
224 618 256 668 ut
278 611 317 668 ait
339 611 665 669 Bostonus'Buriensis
688 612 748 684 (ap.
773 600 887 668 Tauner
900 613 1044 691 praet-p.
1062 609 1113 674 37.
1136 614 1235 674 floruit

44 724 45 733 ¹
72 716 99 772 is
121 716 177 774 sub
198 695 326 781 ilenrico
349 711 400 783 lV)
434 712 485 784 „in
507 711 618 786 triplici
645 712 746 785 lingua
779 707 893 770 'eruditi'
913 713 1016 771 Latina
1027 714 1183 773 :Hebraiea
1206 722 1235 774 et

73 815 199 872 Graeca”
219 818 307 887 atque
329 813 455 877 Bacenis
479 813 695 873 natuminoris
718 828 774 871 neo
796 813 895 871 minus
920 812 998 870 docti
1033 813 1084 884 (ei.
1108 815 1181 873 Jebb
1205 815 1254 872 in

70 916 181 988 praei.)
200 915 313 973 amicus
336 915 387 989 qui
409 923 442 972 ut
464 915 542 983 idem
556 915 595 972 ait
607 915 756 978 bostonus
780 915 839 986 „de
852 914 964 971 Graeco
981 914 1072 972 multa
1084 909 1237 973 transferri

72 1015 155 1073 lecit”
189 1015 281 1087 (51.1.
305 1032 330 1074 o.
358 1012 457 1089 537
484 1023 573 1089 atque
605 1015 840 1075 iisdem'vcrbis
866 1013 923 1071 lo.¹
941 1013 1161 1072 Tinmuthensis
1188 1029 1234 1086 ap.

34 1159 35 1162 ,
73 1117 215 1175 Whartou
237 1113 353 1190 55347.
388 1118 466 1174 Baco
490 1117 542 1189 Op„
567 1133 606 1194 nr„
636 1134 664 1190 p.
681 1113 722 1176 45
746 1123 775 1174 et
796 1114 848 1173 46.
884 1115 962 1173 Ann·
993 1104 1234 1186 155555.’1·.5.),

18 1283 20 1292 y
73 1219 103 1275 in
132 1219 239 1292 quibus
268 1218 454 1290 quodsatis
480 1219 597 1276 videtur
626 1216 817 1276 memorabile
848 1224 877 1275 et
903 1217 940 1273 ad
967 1216 1043 1274 vitae
1070 1213 1235 1273 111155551-
1335 1286 1336 1290 Ἰ
1451 1288 1458 1303 .

74 1318 225 1378 stotelicae
258 1327 466 1394 argumentum
489 1320 623 1393 proxime
649 1327 789 1392 spectans
817 1317 1233 1392 155851555555555155.
1257 1374 1259 1377 ,
1316 1388 1317 1393 ¹

73 1421 135 1478 15.
158 1422 250 1493 „ltem
272 1422 420 1480 transtulit
441 1422 604 1480 ocuraeco
627 1422 658 1480 iu
673 1421 810 1480 Latinum
830 1419 938 1497 librum
960 1414 1010 1491 qui
1034 1419 1140 1477 dicitur
1156 1412 1236 1477 Sutia

32 1513 34 1520 '
75 1534 180 1596 quem
198 1531 429 1595 composuerunt
455 1525 508 1582 viri
537 1523 686 1597 sapientes
719 1538 760 1580 set
784 1518 950 1598 ¹llutlemius
978 1521 1085 1577 *rhetor
1105 1519 1235 1580 Eliadius

74 1624 127 1696 qui
143 1624 212 1683 tuit
244 1633 393 1698 tempore
411 1625 569 1683 Theodosii
602 1623 738 1682 iuvenis”
762 1632 817 1684 etc.
853 1639 911 1696 qua
944 1614 1064 1695 quidem
1098 1621 1234 1679 versione

45 1729 46 1732 ’
74 1725 161 1797 „libri
184 1726 233 1798 qui
257 1726 363 1784 dieitur
384 1727 478 1784 Suda'’
502 1733 531 1784 et
551 1726 616 1802 ipse
637 1725 681 1783 lo.
707 1709 854 1784 Walensis
872 1724 984 1798 passim
1005 1722 1099 1781 utitur
1121 1721 1235 1780 55515-

74 1835 144 1884 tone
177 1842 268 1900 agens
302 1824 546 1903 (6555555113,
562 1825 638 1900 4,,5.
666 1823 702 1898 3,-
713 1826 743 1899 4,
760 1825 780 1886 6
803 1821 883 1897 513,
899 1826 930 1896 4,
946 1821 1038 1883 13:
1054 1822 1135 1881 Suid.
1161 1839 1184 1879 s.
1208 1837 1234 1877 r·

39 1979 42 1987 .
74 1928 182 2000 Plato).
227 1930 376 2002 integrum
398 1912 496 1987 tamen
520 1928 628 1997 Suidae
650 1928 766 1986 lexicon
789 1930 881 1999 quuni
903 1927 951 1985 vix
974 1925 1122 1984 concedas
1145 1923 1236 1982 seculi
1259 1978 1261 1980 ,

76 2022 231 2096 doctrinae
259 2030 361 2104 fuisse
384 2011 577 2107 coutersum,
613 2039 667 2103 ego
699 2029 819 2102 quidem
841 2028 1014 2102 *putaverim
1047 2024 1238 2098 biographiea

76 2130 254 2213 maximebet
276 2131 416 2190 historica
439 2139 576 2202 excerpta
598 2130 692 2188 tuisse
714 2129 751 2186 ab
774 2129 937 2203 interprete.
955 2128 1059 2188 Latino
1083 2127 1152 2185 inde
1168 2141 1237 2184 sen·

77 2233 198 2292 tentiam
212 2232 399 2291 confirmans
422 2233 501 2306 quod
524 2235 554 2290 in
581 2231 727 2304 Gatalogis
754 2231 853 2289 libror.
878 2247 950 2292 mss.
973 2229 1095 2305 angliae
1117 2237 1145 2289 et
1167 2229 1233 2288 Hib.

77 2334 108 2392 in
130 2351 224 2405 uuum
246 2335 376 2393 collectis
398 2330 628 2408 (05551697)
651 2333 672 2405 l,
689 2329 809 2404 5555.
824 2331 886 2392 429
909 2339 977 2406 post
999 2334 1237 2405 „Testamentum

18 2471 19 2474 =
76 2435 127 2494 llll
148 2437 378 2509 patriarcharum
401 2452 418 2493 a
439 2435 640 2496 lincolniensi
668 2424 860 2494 translatum*
889 2435 1027 2493 habetur
1045 2434 1197 2508 „Narratio
1220 2447 1237 2496 e
1313 2500 1315 2503 ,

78 2538 175 2597 Suitla
193 2539 333 2598 translata
347 2538 396 2594 ‘ab
423 2538 553 2621 eodeni’,
579 2538 638 2596 ubi
662 2539 740 2597 ¹haee
756 2538 879 2618 addunt
906 2537 1049 2596 editores:
1077 2537 1237 2610 ·‚,Pitsaeus

78 2639 149 2697 uicit
181 2655 250 2700 eum
282 2641 469 2700 transtulisse
496 2640 634 2713 Suidam3
668 2624 866 2709 narrationem
899 2638 975 2694 hanc
1007 2638 1074 2695 vide
1107 2638 1137 2693 in
1164 2651 1237 2694 voce

46 2792 50 2793 γ
77 2739 229 2823 Ιησοῦς”,
252 2743 288 2799 51.
304 2741 374 2800 ibid.
392 2743 413 2814 l,
430 2740 460 2816 3,
478 2737 644 2800 5551383
666 2741 730 2812 „lie
753 2734 873 2813 sibyllis
896 2745 925 2794 et
947 2737 1012 2796 aliis
1035 2738 1125 2796 rebus
1140 2737 1237 2794 variae

77 2844 262 2902 narrationes
295 2859 332 2900 ex
358 2844 433 2900 libro
468 2843 517 2914 qui
547 2842 669 2900 Graece
684 2848 804 2898 vocatur
832 2838 952 2913 suidas,
989 2853 1078 2911 quem
1104 2847 1237 2912 tempore

60 2931 254 3004 'Tileodosii'
269 2944 384 3002 iuvenis
412 2949 645 3016 composuerunt
672 2942 792 3015 quidam
818 2941 872 2998 viri
899 2940 1074 3013 sapientes”.
1119 2936 1239 2998 Videtur

78 3053 177 3105 autem
199 3043 430 3116 Lineoluieusis‚·
459 3046 528 3102 non
543 3043 639 3102 solum
665 3028 787 3118 physica
813 3041 935 3102 scientia
958 3041 1053 3100 clarus
1076 3043 1238 3101 5155555-
1324 3113 1329 3120 Ι

78 3149 182 3207 matina
216 3149 271 3205 aad
299 3145 522 3229 commentariis
549 3145 650 3204 etiarn'
670 3147 700 3204 iu
728 3144 892 3215 Aristotelis
925 3143 1017 3202 libros
1051 3143 1102 3215 (cf.
1125 3143 1236 3203 Leland
1291 3209 1293 3213 ,

81 3249 152 3306 Goll.
180 3245 210 3322 3,
227 3245 278 3306 51.
306 3244 357 3307 53.
375 3245 416 3307 59
433 3256 486 3306 ete.
521 3248 559 3306 de
592 3263 697 3306 comm.
732 3249 762 3305 in
796 3248 916 3320 Dionys.
950 3243 1055 3317 Areop.
1091 3243 1126 3300 ci.
1150 3242 1236 3313 Base,

79 3342 231 3422 Wharton,
240 3348 355 3407 *Boston
368 3356 421 3421 etc.
433 3350 467 3407 lt·
477 3365 519 3407 cc.
544 3349 580 3406 de
592 3350 697 3408 ceteris
710 3349 774 3407 eius
786 3348 869 3407 libris
881 3332 1022 3405 Wbarton
1033 3361 1061 3419 p.
1071 3341 1236 3415 ata-47)

80 3451 198 3524 scriptis
213 3451 353 3523 multis„
372 3461 432 3507 non
455 3450 494 3507 ita
519 3448 594 3520 ipse
610 3450 735 3508 vertisse
762 3467 851 3524 quarn
873 3448 973 3523 potius
996 3446 1237 3509 Graecoslibros
1290 3506 1292 3510 a

80 3544 194 3612 clericis
220 3551 332 3609 Graece
358 3550 452 3607 doctis
478 3551 636 3608 vertendos
664 3551 797 3624 dedisse,
831 3552 861 3610 id
890 3551 969 3624 quod
994 3548 1036 3608 uti
1063 3549 1239 3606 factumest

77 3646 298 3729 'quodammodo
322 3652 354 3710 in
373 3643 556 3710 testamentis
578 3651 637 3710 illis
656 3644 812 3713 duodecim
822 3652 1051 3728 patriarcharum
1063 3650 1238 3724 apocryphis
1276 3669 1279 3673 ·

80 3753 152 3816 tuno
172 3754 314 3829 temporis
336 3752 465 3813 Roberti'
479 3753 589 3813 curae
612 3754 733 3814 Graecia
755 3743 869 3828 allatis„
889 3769 963 3828 quae
986 3769 1012 3810 a.
1035 3748 1120 3810 1242
1141 3758 1239 3811 tranae

82 3860 148 3917 tulit
174 3860 223 3918 ille
249 3856 461 3931 „coadiu‘vante
484 3855 625 3929 magistro
647 3856 771 3917 Nicolao,
789 3857 900 3915 Graeco
924 3853 1030 3913 elerico
1053 3853 1167 3912 abbatis
1190 3852 1236 3910 sti.

80 3960 198 4019 Albani'
214 3960 288 4032 (seo.
301 3958 436 4041 blattlraei
447 3957 529 4017 Paris
541 3956 626 4031 Angli
640 3958 836 4032 quimortuus
849 3953 1024 4016 esta1259
1040 3955 1108 4015 laist.
1121 3972 1150 4028 p.
1164 3950 1235 4011 528.

81 4061 116 4118 oi.
123 4058 205 4141 721)
213 4060 278 4119 sive'
287 4071 320 4120 ut
328 4062 551 4136 legitur-innota
564 4077 619 4119 ms.
631 4076 719 4134 quam
731 4058 849 4118 exhibet
857 4058 1000 4117 Wbarton
1009 4056 1107 4130 (Angl.
1122 4069 1205 4112 sacra
1214 4055 1238 4110 ll

80 4182 108 4237 p.
122 4159 185 4222 345
200 4157 817 4236 5155515051555551.1551555.5218)
834 4159 1012 4234 „assistente
1025 4157 1051 4214 ei
1063 4154 1168 4241 clerieo
1178 4153 1237 4212 1111-
1297 4239 1298 4243 ¹

83 4267 171 4326 chero
193 4267 264 4340 (leg.
281 4261 461 4338 Eucherio‘l)
489 4266 525 4323 ab
549 4266 674 4324 ecelesia
694 4266 723 4324 b.
747 4252 851 4323 Albani
873 4259 1045 4332 beneficiato
1067 4257 1186 4317 natione
1209 4265 1238 4316 et

83 4369 304 4435 conversatione
322 4369 448 4426 Graeco’'
471 4350 980 4440 (5555551155855151.5125
1000 4359 1237 4448 quitestamenta
1286 4360 1289 4365 '

36 4512 37 4515 ¹
125 4476 190 4535 itare
208 4485 237 4533 de
249 4483 315 4532 libris
328 4482 468 4546 Aristotelis.
994 4459 1035 4520 17
