2954 5034
640 337 681 400 29

83 511 196 569 indices
218 511 314 569 traditi
338 511 411 568 iulso
426 511 492 569 eius
507 509 627 569 nomiae
647 508 804 583 inscriptos
819 511 911 569 hrisse
926 524 1110 581 censeamus,
1134 521 1239 568 omncs

84 612 195 670 seilicet
220 612 288 673 illos
316 613 365 686 qrri
392 613 431 670 'de
457 613 563 671 eodem
584 619 756 684 argumento
784 613 883 685 plures
909 619 1101 677 recensentur
1122 612 1239 685 Peripa·

84 713 237 776 teticorum
261 715 323 772 sive
346 713 440 770 variae
463 713 654 771 recensiones
678 713 739 770 sive
762 713 1086 772 abbreviationessive
1108 714 1238 787 integrae

84 815 237 873 cuiusdam
264 814 436 888 disciplinae
463 813 637 887 compendia
663 823 923 888 excerptorumque
946 816 1155 873 sententiarum
1179 817 1236 874 col-

83 917 242 987 lectiones,
281 918 413 976 locorum
438 924 601 988 practerea
638 917 802 975 doetrinae
826 915 1018 989 singularium
1051 917 1239 975 monobiblos

83 1031 195 1090 eosque
219 1034 323 1077 ornnes
338 1017 404 1091 -qui'
419 1025 470 1075 aut
492 1016 625 1075 nituntur
637 1017 804 1075 Aristotelis
825 1017 910 1098 ritae
923 1018 1000 1074 lama
1014 1016 1043 1074 in
1059 1016 1096 1074 iis
1113 1017 1238 1076 maxime

83 1133 159 1190 quae
188 1121 223 1176 ad
248 1121 397 1177 Platonem
426 1118 598 1192 magistrum
626 1124 655 1175 et
677 1119 874 1178 Alexandrum
891 1118 1079 1191 discipulam
1106 1126 1240 1191 spectant

82 1227 231 1292 corrupta,
265 1222 347 1279 velut
372 1220 504 1294 dialogos
536 1215 610 1293 quas
639 1222 802 1278 secundum
830 1220 1046 1279 Platonicorum
1080 1219 1180 1278 multis
1207 1219 1238 1278 in

81 1322 171 1380 rebus
195 1322 430 1395 scriptorumque
452 1322 633 1395 argumentis
662 1321 802 1380 similium
829 1323 997 1394 exemplum
1020 1320 1238 1394 Theophrastus

82 1429 112 1479 et
138 1431 207 1495 post
234 1439 302 1482 eum
324 1423 512 1497 Peripatetici
547 1438 724 1496 componere
750 1417 888 1481 ‘solebant
914 1410 944 1480 et
970 1422 1061 1479 libros
1090 1422 1238 1481 doctrinae

82 1526 290 1598 compendium
328 1532 464 1599 gerentes
497 1526 533 1582 ad
568 1524 764 1583 Alexandmm
803 1524 1003 1596 epistolarum·
1031 1524 1120 1582 modo
1154 1525 1238 1582 datos

81 1626 183 1684 multis
205 1627 263 1685 illis
287 1626 369 1684 salsis
397 1625 510 1684 similes
533 1625 716 1698 llippocratis
744 1625 781 1682 ad
803 1625 1002 1683 Ptolemaeum
1028 1641 1128 1700 regem
1152 1633 1181 1684 et
1202 1628 1238 1684 ad

81 1727 259 1801 Antigonum
284 1726 397 1784 ltioelis
431 1728 483 1799 (cl.
507 1726 656 1784 Fabricius
683 1727 721 1783 de
743 1724 829 1799 llipp.
852 1742 877 1783 c
896 1724 947 1784 26.
973 1726 1045 1783 Bibl.
1070 1727 1117 1784 Gr.
1142 1726 1168 1784 ll
1192 1729 1237 1785 ed.
1300 1716 1302 1721 ’

81 1828 157 1886 Harl.
182 1829 366 1887 Boissonede
389 1829 498 1886 Anecd.
516 1826 645 1899 111422.
670 1826 807 1884 Wenrich
830 1815 867 1886 de
888 1835 965 1886 auct.
989 1827 1038 1885 Gr.
1060 1842 1139 1885 vers.⁴
1160 1828 1238 1886 arabe

81 1928 144 1989 107
163 1947 228 2004 sqq.
258 1927 321 1989 138
337 1945 402 2003 sqq.
434 1945 488 1988 nec
512 1946 580 1987 raro
607 1928 684 2001 apud
712 1928 844 1987 medicos
872 1929 983 1987 Arabes
1010 1929 1174 1987 Aristotelis
1202 1929 1257 1987 ad⁴

80 2031 161 2089 Alex.
174 2033 300 2105 epistola
311 2031 416 2089 citatur
427 2031 462 2089 cf.
477 2031 607 2089 blesucm
620 2048 648 2103 p.
662 2026 724 2088 236
738 2031 764 2088 d.
779 2027 842 2090 253
853 2032 881 2087 h.
896 2031 941 2088 ed.
955 2031 1056 2089 Venet.
1071 2028 1153 2090 1581
1167 2032 1238 2102 etc.)

80 2140 132 2189 aut
153 2132 361 2204 Peripateticae
384 2131 552 2204 scriptionis
576 2146 683 2204 genere
705 2131 899 2204 philologicae
920 2131 1014 2203 magis
1037 2139 1066 2188 et
1085 2132 1239 2190 historicae

81 2242 169 2306 quam
192 2231 414 2305 philosophicae
436 2238 556 2306 propter
570 2231 656 2287 raria
677 2231 766 2288 huius
789 2231 911 2290 rationis
933 2232 963 2288 in
987 2231 1142 2290 Aristotele
1158 2233 1238 2290 initia

81 2336 111 2393 in
134 2335 232 2408 ipsum
256 2333 436 2407 magistrum·
450 2333 580 2391 referunt
594 2333 705 2404 'qirales
729 2339 799 2390 sunt
821 2331 887 2390 libri
911 2347 1015 2389 omues
1038 2333 1167 2390 historici
1188 2334 1238 2406 qui

81 2445 132 2494 aut
152 2437 342 2511 physicorum
369 2442 519 2493 oratorum
546 2440 697 2505 poetanrm
726 2433 887 2491 sententias
914 2433 1047 2505 vitasque
1073 2441 1123 2492 aut
1145 2434 1239 2491 civilia

81 2538 214 2598 instituta
233 2539 382 2610 ¹ludosque
405 2535 541 2609 publicos
563 2535 678 2609 aliaque
700 2534 895 2608 grammaticis
918 2550 984 2592 cara
1002 2543 1245 2608 persequunturr

81 2639 191 2712 quihus
223 2637 375 2697 accedunt
394 2653 481 2711 v(pirae
502 2652 607 2711 agmen
634 2638 774 2695 claudunt
801 2636 942 2709 epistolae
970 2643 999 2694 et
1026 2637 1168 2706 camnine,
1202 2653 1238 2694 nc

82 2743 154 2799 hacc
170 2741 295 2814 ,quidem
317 2740 354 2798 eb
377 2739 496 2798 homine
518 2727 812 2818 πολυμαθεστάτῳ
836 2739 956 2810 (Athen.
969 2735 1020 2808 15,
1033 2735 1111 2810 696)
1132 2738 1238 2796 abhor-

81 2843 184 2901 rentia.
230 2842 310 2910 Quae
345 2840 465 2914 quidem
498 2839 597 2898 emnia
629 2846 749 2912 propter
780 2847 985 2912 argumentum
1019 2855 1054 2897 ex
1082 2839 1238 2898 Aristotele

82 2944 207 3020 eiusque
242 2942 395 3016 discipulis
413 2944 566 3001 ¹haustum
595 2956 686 3013 quum
713 2955 814 2999 revera
840 2941 1004 3000 Aristotelis
1032 2957 1119 3014 quem
1147 2942 1239 3014 expli·

82 3053 182 3105 carent
209 3052 237 3104 et
264 3044 293 3103 in
315 3043 483 3102 studiorum
510 3058 599 3111 usum
624 3041 789 3116 expilarent
815 3043 914 3117 potius
942 3051 1044 3104 essent
1066 3060 1153 3117 qiram
1177 3043 1239 3101 edi·

81 3156 178 3206 torum
201 3162 415 3221 anonymorum
428 3145 533 3203 relab
544 3144 701 3203 Aristotele
715 3145 781 3218 ipso
798 3145 906 3219 scripta
918 3145 1052 3220 epistolis
1064 3145 1238 3218 prooemiis·

83 3265 141 3323 que
164 3249 200 3306 ad
223 3248 419 3307 Alexandrum
442 3246 615 3321 praemissis
637 3247 735 3305 dedita
757 3262 845 3321 opera
862 3248 1050 3322 fingerentur,
1074 3246 1239 3321 Aristotelis

83 3351 166 3410 libris
198 3351 228 3408 iu
256 3351 443 3409 bibliothecis
476 3350 589 3408 adiecta
624 3343 796 3423 luissepar
823 3357 882 3408 est:
920 3366 979 3422 qtro
1008 3351 1115 3407 factum
1138 3355 1239 3404 estut

83 3453 161 3511 sicut
182 3453 374 3510 heremitica
396 3459 425 3510 et
447 3450 648 3524 hippocratica
669 3451 818 3522 paullatim
834 3450 939 3521 iugens
956 3450 1092 3505 evaderet
1107 3447 1239 3505 collectio

82 3553 274 3611 Aristotelica.
320 3553 393 3610 Neu
417 3566 486 3608 vero
519 3551 652 3620 neglecta
684 3549 778 3606 luisse
811 3548 840 3606 in
874 3548 956 3606 libris
989 3549 1194 3608 coacervandis
1222 3566 1239 3609 a

83 3654 250 3713 Ptolemaeo
273 3650 462 3724 Philadelpho
485 3650 741 3724 Peripateticorum
765 3649 841 3708 sicut
862 3657 944 3723 pater
966 3652 1077 3710 lautore
1100 3659 1130 3710 ct
1151 3653 1239 3712 disci-

83 3757 153 3830 pulo
176 3770 266 3828 opera
288 3753 463 3824 Aristotelis,
486 3752 657 3827 praesertim
682 3769 773 3825 quum
794 3753 891 3809 adhinc
914 3761 942 3811 ct
964 3769 982 3811 a
1003 3753 1188 3828 philosophis
1209 3763 1239 3811 et

82 3859 120 3916 ab
142 3855 291 3915 historicis
314 3855 365 3928 (cf.
389 3847 461 3913 lini.
474 3872 520 3929 ap.
533 3855 633 3929 Polyb.
647 3853 698 3925 12,
711 3853 745 3926 9;
763 3852 817 3927 12;
830 3855 880 3913 24.
896 3856 1061 3915 Philochor.
1074 3873 1120 3930 ap.
1133 3856 1237 3914 Athen.

83 3958 135 4031 14,
148 3956 227 4030 656)
251 3957 385 4017 studiose
407 3958 583 4031 legerentur,
608 3958 664 4015 boc
685 3964 766 4015 etex
784 3957 1239 4033 ipsane-sequituretconstans

83 4061 162 4135 apud
192 4067 306 4118 veteres
334 4058 409 4116 fama
435 4065 586 4117 assevemt
613 4054 758 4131 (Atheni
780 4077 808 4133 p.
822 4059 851 4118 2.
880 4045 1237 4130 1111111.6111.28,13.

84 4156 411 4231 611116112814).
468 4160 607 4229 Quemvis
635 4159 724 4234 igitur
751 4163 823 4221 ialsa
848 4162 905 4220 iam
932 4169 1000 4220 ante
1032 4165 1089 4221 hoc
1121 4170 1238 4233 tempus

83 4264 218 4339 plurima,
242 4261 430 4321 ammovere
454 4263 538 4321 tertio
562 4278 587 4320 a.
613 4262 688 4321 Chre
703 4265 803 4322 seculo
829 4271 863 4321 ut
884 4263 992 4337 scripta
1020 4264 1058 4321 ita
1080 4264 1110 4320 in
1133 4261 1239 4321 biblio·

83 4368 198 4426 thecam
215 4362 445 4423 Alexandrinam
473 4365 594 4422 collecta
621 4364 791 4422 luerint-
814 4380 881 4424 nam
903 4365 1022 4423 Politias
1047 4365 1108 4422 iem
1130 4363 1238 4421 Timaei
1263 4403 1268 4413 .
