2954 5048
645 355 822 417 219*

46 544 47 547 ¹
97 528 210 602 perdita
232 531 291 600 est,'
312 535 345 588 ut
364 529 439 586 falso
461 525 572 600 putavit
595 526 727 601 Spengel
743 543 772 599 p.
789 524 865 586 rod:
890 527 926 585 de
948 525 995 585 his
1017 523 1095 585 enim
1112 525 1249 584 omnihus

48 681 51 688 .
96 630 232 688 instituta
263 631 300 690 de
333 628 526 714 respiratione
559 627 756 700 disputatione
778 626 863 700 *ipso
884 626 1036 686 dirimitur.
1085 622 1137 684 Est
1162 626 1251 699 igitur

96 731 254 789 Parrorum
276 730 452 789 naturalium
475 744 550 802 quae
572 734 714 786 iocantur
735 726 848 801 primus
869 727 944 786 liber
965 720 1044 809 περὶ
1058 715 1251 809 αἰσθήσεως

96 825 154 892 καὶ
173 822 289 904 ὕπνου,
312 845 371 904 quo
393 829 512 887 nomine
534 829 570 887 ab
593 829 659 903 ipso
680 827 837 887 Aristotele
858 829 1116 901 comprehenditur
1127 830 1163 887 de
1174 837 1248 903 part.
1367 840 1369 842 ·

96 951 144 993 an.
161 933 191 1007 2,
208 929 237 1015 7.
254 929 342 992 6531)
357 929 398 992 19
425 931 475 989 nbi
504 930 540 989 de
568 944 656 991 causa
683 929 782 988 somni.
806 943 974 987 memorans
998 928 1165 1002 librumque
1197 931 1249 1003 qiu
1296 980 1299 983 .

96 1043 201 1109 postea
228 1034 333 1093 dicitnr
361 1035 397 1092 de
424 1047 535 1092 somno·
557 1030 719 1105 respiciens
746 1027 920 1107 (nonenim
947 1036 1084 1110 recte-ex
1106 1027 1164 1089 hoc
1183 1032 1254 1105 loeo,

97 1135 195 1194 effecit
225 1135 464 1207 Trendelenburg
493 1133 512 1190 l.
536 1148 560 1190 c.
584 1149 613 1206 p.
630 1130 693 1192 119
725 1133 764 1190 dc
796 1147 915 1190 somno·
935 1131 1034 1205 egisse
1065 1131 1250 1194 Aristotelem

80 1236 184 1306 setiam
206 1237 237 1294 in
258 1236 333 1303 libro
356 1236 394 1293 dc
416 1240 508 1294 sensu
530 1231 747 1310 nnncmutilo)
779 1233 828 1292 ait.
844 1232 898 1291 ita:
931 1225 1009 1314 περὶ
1042 1215 1089 1293 ὧν
1120 1223 1250 1316 εἴρηται

96 1325 180 1396 καθ’
210 1324 296 1397 οὗτοὶ
323 1326 358 1398 ἔν
378 1354 415 1396 τε
436 1333 509 1407 τοῖς
531 1327 618 1413 arpi·
638 1324 832 1416 αἰσθήσεως
856 1328 916 1412 rai
941 1328 1023 1418 περὶ
1039 1326 1146 1396 ὕπνου
1168 1332 1250 1406 διω-Ι

96 1430 282 1518 pernimia,-
304 1439 372 1497 licet
392 1437 575 1510 posteriores
597 1437 716 1509 quidem
738 1437 867 1495 editores
882 1437 1133 1509 itemque-Arabes
1143 1439 1253 1497 librum

97 1542 254 1598 reasensu
284 1539 317 1597 a»
345 1540 420 1597 duos
454 1538 584 1597 dividant
611 1534 660 1614 (rr.
684 1538 768 1595 eona.
798 1537 836 1596 ne
865 1539 953 1596 ueri.
977 1555 1005 1612 p.
1022 1534 1086 1598 436
1113 1520 1141 1600 et
1163 1543 1250 1601 eodo.

97 1641 244 1710 Qloactt
267 1647 297 1699 et
318 1640 465 1714 margines
487 1640 556 1698 imld
579 1640 666 1697 Bekk.
689 1640 727 1696 ad
748 1638 894 1699 ascuto
915 1639 966 1698 ulri
983 1638 1251 1714 ¹incipitsecun'dus

96 1743 115 1813 i.
138 1754 164 1815 e.
188 1757 215 1800 ο.
231 1738 328 1820 5’«7)
346 1731 449 1814 'iisque
470 1740 607 1800 adiiciant
628 1738 736 1799 librum
758 1747 926 1812 separatum
947 1734 1026 1823 περὶ
1045 1731 1176 1824 μνήμης
1193 1724 1251 1805 καὶ

95 1835 218 1917 ὕπνου,
245 1857 305 1917 quo
324 1839 421 1901 'tituto
445 1856 536 1916 quum
558 1839 745 1900 auctoribus
773 1855 862 1914 saepe
884 1839 997 1899 citetur
1014 1842 1064 1920 (ci.
1086 1843 1252 1905 Alexander

95 1941 515 2019 inrepic.p.2udo11tr.
550 1948 587 2000 ex
619 1957 678 2017 quo
704 1941 811 2000 sudes
839 1957 863 2000 s.
885 1932 1011 2024 μνήμη,
1045 1945 1251 2007 diurnum

96 2062 188 2106 sensu
210 2041 344 2116 adcon,
365 2045 473 2118 Eplrcs.¹
498 2045 534 2101 de
556 2058 644 2101 mem.
668 2051 698 2100 ot
711 2058 822 2109 somno
843 2042 953 2115 1127,
976 2045 1015 2103 id.
1039 2048 1077 2104 de
1098 2055 1186 2107 motu
1202 2065 1249 2107 am

94 2147 194 2208 1149
233 2145 284 2204 ubi
307 2145 363 2204 sic:
400 2133 536 2219 εἰκότος
565 2136 651 2220 μετὰ
676 2136 715 2204 τὸ
745 2132 824 2224 περὶ
843 2133 973 2225 μνήμης
993 2178 1035 2188 -
1058 2147 1076 2204 i.
1100 2164 1125 2206 c.
1147 2141 1189 2208 ed
1210 2169 1250 2211 rc.

94 2268 148 2327 μγ.
171 2270 201 2308 κ.
223 2239 395 2326 durau*-
420 2240 575 2308 τέτακτοὶι
601 2239 643 2305 rel
663 2239 742 2328 trapi
762 2234 855 2321 ζώων
876 2236 1041 2326 κινήσεως
1057 2255 1116 2308 etc.
1137 2248 1248 2310 etcod.

95 2351 150 2409 m'Y
172 2351 251 2424 apud
273 2350 361 2407 Bekk.
384 2366 413 2425 p
429 2332 505 2426 449)
532 2348 590 2407 iam
616 2353 696 2421 petet
722 2363 776 2405 cur
795 2361 880 2420 quae
903 2348 943 2409 de
966 2364 1079 2410 somno*
1094 2349 1123 2408 2.
1139 2347 1250 2425 455st

96 2452 169 2510 dixit
190 2450 363 2509 Aristoteles
384 2465 420 2508 ea
441 2466 476 2508 err
499 2438 574 2509 lilrro
592 2447 664 2511 ,eius
684 2441 763 2528 napi
781 2436 913 2531 μνήμης>
932 2449 1022 2509 citare
1042 2454 1250 2524 potnerithl·
1354 2474 1356 2477 ’

65 2551 76 2568 ’
95 2552 154 2615 lius
170 2547 235 2623 7,7
259 2549 317 2626 (de
332 2565 391 2622 quo
414 2558 492 2609 errat
513 2551 603 2609 Stalrr
621 2549 708 2610 Arist.
731 2550 780 2608 lei
803 2552 859 2610 den
881 2549 1011 2609 Romern
1031 2551 1162 2632 p137).
1198 2539 1251 2616 se-

96 2653 215 2711 cundus
235 2659 332 2710 autem
354 2651 430 2710 liber
451 2662 497 2712 cst
517 2646 597 2735 περὶ
619 2646 705 2734 ζωῆς
725 2641 957 2726 καίθανοὶτοο,
978 2652 1252 2730 adunempcrtinet
1374 2642 1375 2646 ¹

70 2742 72 2744 ’
97 2754 185 2831 etiam
208 2754 287 2828 quod
310 2753 504 2826 praemittitur
525 2762 616 2828 eaput
636 2753 784 2829 singulare
811 2746 890 2836 napi
910 2744 1179 2837 μακροβιότνμος
1194 2755 1252 2822 καὶ

95 2845 356 2937 pauperrimos
392 2871 515 2928 quoque·
545 2871 636 2928 quum
669 2853 709 2910 de
739 2853 848 2913 morbo
868 2855 900 2913 in
932 2856 989 2913 hoc
1009 2857 1094 2918 libro·
1129 2861 1250 2922 minime

98 2965 251 3016 tractatum
282 2954 377 3014 fuisse
402 2959 493 3028 supra
517 2955 573 3014 iam
602 2955 710 3013 dictum
734 2953 772 3013 sit
794 2956 978 3015 concluditur
1000 2960 1097 3019 omnis
1130 2951 1263 3047 ἦπορῒ

96 3056 163 3119 τῶν
186 3048 280 3134 ζώων
300 3049 452 3133 μέθοδος
474 3053 523 3132 (de
546 3057 624 3130 long.
647 3055 696 3114 vit.
721 3061 793 3114 extr.
817 3057 855 3115 cll
877 3060 913 3116 de
936 3072 1027 3118 sensu
1039 3059 1100 3121 init
1112 3063 1195 3123 Alex.
1213 3067 1261 3126 de‘

97 3175 189 3219 sensu
213 3159 235 3216 f.
248 3155 372 3231 931rsq.
396 3165 425 3217 et
448 3158 574 3233 Spengel
596 3175 624 3232 p.
637 3154 727 3235 158).
767 3158 842 3219 lota
858 3160 948 3234 igitur
968 3162 1056 3221 nohis
1077 3164 1193 3224 animae
1207 3163 1252 3225 lriss

97 3261 187 3318 storia
222 3260 339 3331 qualem
366 3259 503 3333 cogitavit
529 3260 707 3334 scripsitque¹
725 3257 897 3318 Aristoteles
925 3269 1116 3322 serreta'est
1134 3266 1252 3324 unirer-

97 3378 158 3421 sam
182 3361 239 3431 illa,
262 3369 379 3434 praeter
399 3361 511 3420 montis
531 3361 692 3420 (loctunam
716 3374 791 3432 quac
813 3361 1011 3435 metaphysica
1034 3370 1080 3421 est
1101 3377 1160 3423 non
1182 3381 1252 3425 zoo-

96 3452 201 3536 logica,
214 3463 444 3534 psyohclogiam
470 3462 672 3536 physicaeque.
703 3459 907 3532 philosophiae
938 3469 1052 3534 partem
1083 3464 1261 3542 primariam·

98 3561 259 3635 complexa.
303 3561 406 3634 Neque
432 3563 511 3620 enim
537 3567 615 3618 recte
638 3559 788 3618 contendit
810 3561 1049 3636 Trendelenlrurg
1072 3561 1120 3641 (ad
1142 3566 1193 3625 Ar.
1214 3568 1251 3627 de

98 3681 145 3725 an.
168 3681 198 3737 p.
215 3658 293 3736 118)
312 3666 427 3734 partem
447 3661 594 3735 quandam
615 3659 684 3718 libri
705 3661 741 3719 de
765 3678 857 3721 sensu
884 3678 952 3745 esse
977 3665 1134 3739 perditam,
1161 3668 1251 3729 huius

97 3767 142 3825 rei
169 3766 256 3824 cuius
280 3763 394 3821 nulum
421 3761 454 3820 in
479 3754 545 3836 ipso
562 3761 646 3820 ,libro
679 3761 836 3837 vestigium
864 3772 941 3824 extat
962 3765 1031 3824 inde
1053 3768 1251 3830 coniecturam

97 3875 207 3942 petens
237 3866 318 3939 quod
351 3866 387 3923 de
409 3879 477 3938 gen.
498 3877 544 3920 an.
562 3857 627 3948 557
651 3863 687 3921 de
709 3881 784 3924 uoce
815 3880 950 3939 sonoque
976 3867 1168 3942 disputatum¹
1182 3887 1251 3931 esse

98 3967 176 4026 dicet
197 3975 298 4026 auctor
318 3973 349 4024 et
370 3965 400 4023 iu
422 3964 496 4029 libro
520 3963 561 4022 de·
579 3962 675 4022 anima
698 3972 732 4024 et
748 3965 915 4026 inlibrode
927 3980 1028 4027 sensu.
1062 3971 1141 4031 ldem
1153 3980 1251 4030 tamen

97 4069 131 4128 iu
151 4070 169 4127 l.
192 4071 233 4128 de
254 4082 345 4128 sensu
367 4066 388 4123 4
411 4066 451 4124 in.
475 4066 512 4124 dc
534 4066 589 4125 liae
610 4063 773 4131 renerum
797 4068 1120 4150 explicarerecusons,
1149 4089 1251 4145 quam·

26 4217 27 4220 ,
99 4185 189 4242 quam.
210 4185 235 4228 c.
252 4167 272 4229 3
287 4169 329 4227 in.
351 4163 439 4243 (439,
456 4164 485 4226 7.
502 4165 551 4227 11.
569 4163 690 4246 11:16)
717 4169 758 4226 de
777 4169 915 4229 omnihus
934 4170 1132 4230 'sensibilibus
1155 4171 1252 4244 dualia

99 4270 162 4328 sint
180 4271 336 4329 dicendum
359 4284 431 4328 esse
448 4270 593 4346 voluerat,
611 4270 648 4329 ad
662 4268 898 4344 ‘disputationem
920 4271 986 4328 lilrri
1003 4271 1147 4330 deanima
1158 4272 1252 4329 solam

100 4369 143 4448 (2,
157 4368 194 4450 8)
215 4370 343 4444 remittit.
367 4385 426 4443 quo
449 4370 566 4445 cuidem
590 4373 656 4432 loeo
677 4373 716 4430 de
737 4371 825 4432 mnis
838 4372 904 4432 soni
915 4371 1091 4434 differentiis
1100 4371 1185 4450 (1420,
1197 4370 1251 4450 26)
