2954 5048
669 335 731 398 217

123 517 241 575 ,ουσιαι
262 492 460 576 citationibus.
484 490 724 584 ¹Nequetamen
748 524 784 565 ex
806 525 841 580 eo
865 510 944 581 quod
960 508 1163 585 desensihus
1186 504 1230 583 (4,
1245 504 1281 584 8)

130 589 260 668 dehere
283 608 370 687 (1,,9)
395 611 439 669 de
454 625 558 681 somno
582 607 752 685 (alolde
774 625 846 667 sexu
858 606 900 683 (4,
913 608 1122 690 llladiungit
1133 606 1280 682 'quaedam

127 710 211 779 lihrls
239 713 280 768 de
302 694 434 785 partibus
457 701 505 786 (elss
523 706 552 782 5,
571 701 661 786 lin«)
680 717 727 767 'ut
752 711 838 782 plena
869 711 1110 784 *essethistoria
1144 709 1282 788 uoneludiv

128 811 216 877 debet
241 811 430 873 Aristotelem
454 813 496 870 ila
521 807 606 887 eliam
621 804 859 893 ¹psyehologieos
890 811 1022 885 quamvis
1051 812 1094 883 ad
1113 810 1281 884 zeologieos
1314 884 1317 885 γ

119 912 219 969 vlibros
252 898 395 984 prouime
419 914 583 987 pertineant
610 912 655 996 (ut
677 913 740 985 ipse
763 913 802 970 ait
825 915 861 987 de
882 931 911 987 p.
935 930 960 970 a.
978 911 1053 984 1,1.
1078 912 1114 968 d'e
1136 909 1230 982 aral,
1245 910 1279 989 1)
1350 940 1354 950 e

77 1094 79 1097 ι
127 1012 573 1088 immiscuisse>physiologicis3
606 1014 637 1089 id
660 1016 741 1087 quod
766 1015 831 1088 ipso
856 1016 986 1079 libride
1011 1015 1107 1080 anima
1129 1015 1280 1097 prooemio

129 1116 303 1195 defenditur.
335 1117 420 1174 ¹Nam
430 1153 431 1157 =
443 1117 573 1193 doctrina
597 1117 633 1174 de
656 1117 752 1174 anima
775 1104 807 1197 (ἦ
826 1113 884 1198 τῆς
898 1113 1007 1200 ψυχῆς
1019 1105 1234 1198 ἲστορ1α102,
1247 1113 1279 1196 3)

125 1232 204 1289 ιιιιιασ
227 1225 277 1281 est
294 1204 372 1297 οἷον
391 1205 472 1297 ἀρχῆ
494 1215 559 1280 τῶν,
581 1206 682 1292 ζώων,
705 1225 816 1291 utpote
828 1218 956 1291 maioris
971 1217 1119 1292 dignitatis
1136 1227 1164 1286 et
1179 1220 1281 1293 amplir
1301 1213 1302 1216 '

128 1318 238 1387 tudinis
261 1335 278 1383 a
299 1320 412 1392 reliqua
433 1319 581 1393 zeologia.
588 1318 728 1391 peculiari
750 1335 838 1392 opere
860 1328 938 1379 reete
960 1328 1093 1394 separata
1115 1338 1230 1395 suoque
1253 1328 1281 1380 et

120 1421 216 1492 lengo
238 1421 390 1492 prooemio
413 1436 522 1478 norum
545 1436 620 1492 epus
640 1426 675 1477 ul
696 1419 727 1477 in
749 1421 813 1484 Eth.
833 1423 996 1495 ,uetaphys
1021 1430 1074 1486 ete.
1099 1422 1283 1495 significante

128 1521 309 1595 etpriorum
331 1522 552 1594 sententiarum,
565 1521 704 1593 diligente
726 1523 911 1595 enarratione
924 1531 1033 1605 ornata,
1046 1523 1097 1608 ita
1106 1531 1138 1581 ut
1149 1524 1280 1598 ineptum

128 1622 203 1681 foret
224 1625 300 1680 hane
322 1623 568 1683 introductionem
585 1621 674 1693 „quasi
687 1623 816 1697 >alteram
838 1639 948 1696 ponere
970 1606 1038 1696 post
1059 1625 1181 1698 primam
1206 1641 1281 1698 quae

128 1724 311 1782 eontinentur
344 1725 417 1781 libro
449 1725 488 1780 de
521 1730 593 1796 part.
628 1737 674 1778 an.
694 1723 816 1794 primo,
851 1724 1014 1791 arctissimo
1038 1727 1233 1805 praesertim
1252 1734 1281 1792 el

128 1826 249 1898 optime
261 1827 357 1893 riculo
378 1825 454 1894 lihre
474 1827 512 1882 de
534 1831 607 1897 part.
632 1824 763 1891 seeundo
791 1830 868 1887 eum?
880 1826 984 1898 primo¹¹
999 1826 1165 1894 eoniuueto
1178 1823 1282 1903 (quere

128 1929 173 1987 de
187 1926 282 2001 ipsius
302 1922 574 1998 sententiap„15ll
588 1940 632 1997 sq.
656 1923 721 1997 ipse
733 1925 860 1999 Spengel
873 1927 1012 1996 dubitavit
1023 1928 1281 2003 Reihehlolgeete.

70 2084 71 2089 ,
127 2046 156 2101 p.
169 2027 237 2087 163
245 2026 409 2104 sul->ea
422 2042 527 2088 omues
549 2025 697 2105 praeeedit
718 2025 810 2084 libros
832 2028 1060 2104 physiologiam,
1079 2030 1112 2092 ,id
1126 2031 1281 2110 quodipse

128 2129 253 2187 disertis>
270 2129 368 2188 verbis
392 2128 563 2203 Aristoteles
587 2126 740 2183 confirmat
763 2127 910 2199 degener.
924 2127 952 2200 5,
966 2127 995 2188 1..
1008 2127 1090 2190 7791)
1101 2122 1142 2189 22
1154 2123 1280 2214 (ὥσπερ

127 2223 250 2311 ἐλέχθη
271 2212 437 2313 πρότερον
464 2223 497 2290 ἐν
523 2225 594 2298 τοῖς
620 2221 700 2312 περὶ,
725 2218 786 2298 ιτὰς
808 2217 987 2310 αἰσθήσεις
1007 2225 1063 2292 καὶ
1083 2223 1209 2299 τούτων
1231 2224 1282 2294 ἔτι

127 2323 290 2415 πρότερον
310 2326 437 2404 ἐντοῖς
459 2327 536 2413 περὶ
558 2330 667 2416 ψυχῆς
688 2323 922 2415 διωρισμένως
944 2333 979 2406 el.
994 2334 1030 2393 de
1041 2343 1113 2407 part,
1122 2352 1173 2401 au.
1185 2335 1280 2406 2,'10.

99 2431 104 2436 ’
128 2431 200 2503 656,
213 2433 264 2494 29.
278 2434 307 2505 2,
321 2433 349 2492 1.
362 2432 434 2504 647,
446 2433 496 2492 26.
521 2437 558 2494 de
580 2449 644 2507 gen.
670 2448 715 2497 an.
734 2430 762 2502 5,
772 2428 804 2490 7.
818 2431 905 2493 7881)
919 2432 961 2509 1),
983 2435 1169 2517 praeceditur
1184 2445 1281 2498 autem

128 2514 193 2608 ipsa
214 2531 336 2594 historia
358 2535 635 2620 aninrali-umslquae
658 2535 743 2592 etiam
755 2528 878 2618 φυσική
896 2525 1143 2617 ἱστορίασίιίῐιιι
1155 2536 1286 2612 65032

129 2629 282 2717 ιιιζωϊκὴ
307 2627 441 2718 ἱστορία,
452 2636 539 2702 6681)
557 2634 598 2696 30
626 2637 688 2697 sive
711 2635 882 2708 simpliciter
904 2627 939 2696 αἱ
960 2628 1116 2721 ἱστορίαι)
1145 2655 1281 2699 seorsum

129 2737 251 2815 scripta,
285 2755 301 2796 a
324 2739 402 2796 Titne
429 2746 526 2797 autem
549 2740 635 2812 plane
657 2737 756 2810 inepte
779 2738 855 2797 inter
880 2739 1005 2815 primum
1029 2741 1065 2797 de
1087 2748 1160 2812 part.
1183 2757 1229 2797 an.
1252 2750 1282 2799 et

129 2842 292 2897 seeundum
319 2840 505 2911 interpolata,
540 2840 616 2901 sieut
649 2839 755 2896 doeeut
781 2838 870 2896 verha
895 2820 961 2896 lihri
990 2841 1027 2897 de
1053 2839 1111 2898 vita
1136 2848 1170 2903 et.
1187 2849 1281 2909 morte

130 2955 154 2996 e.
168 2936 196 2998 3.
210 2937 297 2998 1681)
310 2929 409 3020 31εὴ
434 2933 472 2999 δὲ
493 2928 615 3022 καρδία
636 2929 694 3003 ,ὅτι
717 2932 804 3000 ἐστὶν
816 2929 907 3022 ἀρχῆ
927 2938 993 3001 τῶν
1015 2939 1149 3024 φλεβῶν
1166 2933 1281 3018 ἐντοῖς

115 3034 208 3119 περὶ
228 3034 272 3102 τὰ
291 3034 374 3121 μέρη
396 3037 461 3102 τῶν
483 3030 575 3116 ζώων,
591 3029 721 3121 εἴρηται
732 3031 894 3123 πρότερον
904 3053 973 3103 ete:
997 3045 1046 3103 ubi
1058 3062 1133 3119 quoe
1145 3028 1282 3114 dicuntur

81 3124 99 3157 ⁷
128 3135 169 3201 τὰ
192 3136 270 3223 περὶ
294 3138 336 3203 τὰ
362 3135 445 3224 μέρη
470 3139 536 3202 τῶν
565 3132 658 3216 ζώων
684 3159 745 3202 non
772 3153 842 3206 sunt
868 3147 933 3205 libri
958 3148 993 3205 de
1015 3149 1148 3220 partibus
1171 3149 1281 3207 anima-

128 3245 199 3302 lium
223 3247 276 3303 sed
298 3247 348 3318 qui
371 3247 440 3304 item
464 3247 500 3302 de
522 3246 654 3319 partibus
677 3254 767 3320 agunt
788 3248 919 3311 historici
943 3245 991 3323 (el.
1008 3250 1036 3304 h.
1054 3265 1080 3305 a.
1096 3246 1126 3318 3,
1139 3247 1168 3305 3.
1186 3247 1215 3319 3,
1228 3247 1279 3307 10.

129 3347 165 3404 cl.
179 3344 251 3418 740,
264 3344 317 3421 23)
341 3355 368 3404 et
391 3347 515 3419 edantur
537 3347 624 3406 etiam
647 3351 683 3406 de
705 3329 782 3420 resp.
797 3346 910 3411 1216.
955 3349 1065 3406 Eodem
1089 3363 1206 3419 semper
1222 3349 1282 3407 sere

128 3448 212 3505 titulo
239 3448 360 3505 historia
387 3449 555 3506 animalium
584 3449 620 3505 ab
648 3448 796 3514 Athenaeo
824 3447 867 3523 (in
890 3449 1014 3522 septime
1037 3448 1223 3520 potissimum
1245 3451 1283 3507 de

56 3562 59 3563 ⁷
124 3547 261 3619 piscihus
284 3548 371 3622 libro)
395 3548 499 3606 ditatur
521 3537 569 3619 (ἐν
589 3544 634 3628 τῷ
656 3542 734 3626 περὶ
756 3538 849 3622 ζώων
870 3540 1005 3631 μορίων,
1029 3557 1058 3607 et
1080 3551 1199 3623 quidem
1221 3553 1283 3626 ple-

129 3663 255 3721 rumque
278 3640 312 3707 ἐν
333 3639 477 3726 πέμπτῳ
497 3635 591 3719 ζώων
612 3639 738 3729 μορίων
764 3651 799 3707 el.
824 3666 849 3707 e.
873 3667 915 3724 gr.
932 3650 1041 3712 Athen.
1060 3647 1088 3723 7,
1106 3649 1168 3712 286
1183 3644 1218 3703 τ’
1234 3653 1281 3712 Ar.

131 3749 201 3806 hist*
218 3764 271 3806 am
286 3745 315 3820 5,
333 3744 466 3827 55406
485 3744 620 3813 17-10.
649 3750 752 3807 Athen.
778 3748 808 3821 7,
826 3747 889 3810 303
904 3774 939 3801 =
955 3749 1052 3822 5,10.
1072 3751 1159 3813 5436
1178 3754 1281 3830 1255.

131 3851 235 3909 Athen.
248 3848 278 3921 7,
291 3848 353 3917 304
368 3872 403 3923 =
420 3847 448 3919 5,
462 3847 511 3908 10.
531 3845 604 3919 543,
616 3848 743 3915 22-21
755 3859 808 3909 ete.
823 3858 876 3909 ete,
900 3870 965 3923 raro
989 3856 1094 3912 eadem
1113 3855 1284 3930 simpliciter

131 3945 210 4032 περὶ
231 3943 323 4026 ζώων
345 3955 380 4010 el,
394 3949 498 4023 7,.286
515 3949 594 4021 ε2,
608 3947 657 4009 13.
672 3948 744 4021 505,
757 3946 839 4010 3-7
853 3953 930 4026 ete),
954 3955 1078 4015 dirersa.
1091 3958 1127 4014 ah
1140 3958 1196 4015 alio
1209 3975 1283 4031 quo-

107 4114 109 4118 ,
131 4054 197 4111 dam
221 4054 264 4110 de·
280 4050 453 4111 animalibus
476 4060 512 4110 et¹
526 4053 681 4126 praecipue
704 4053 740 4110 de
762 4052 893 4124 piseihus
915 4054 989 4112 lihro
1009 4057 1151 4118 historiae
1166 4065 1203 4119 ,et
1217 4060 1283 4115 hre-

130 4153 202 4211 viori
233 4153 380 4212 Aristoteli
413 4155 522 4220 tributo
552 4149 600 4228 (el.
628 4155 761 4228 Apol-lon.
791 4154 915 4212 mirabil.
932 4153 973 4215 27
981 4175 988 4213 :
1022 4147 1093 4226 δύο.
1110 4147 1171 4238 γάρ
1200 4149 1284 4224 εἰσιν

129 4242 235 4314 ἀὐτοῦ
261 4253 485 4335 πραγματεῖαι
506 4244 525 4336 ἡ
549 4248 710 4336 μὲνπερὶ
732 4243 825 4329 ζώων
845 4246 865 4336 ἦ
889 4251 934 4332 δὲ,
949 4252 1027 4341 περὶ
1057 4257 1127 4318 τῶν
1146 4253 1282 4336 ζωῖκῶν)

130 4355 216 4414 euius
242 4355 320 4413 idem
347 4356 462 4414 iisdem·
480 4373 568 4430 saepe
591 4357 662 4415 loeis
685 4357 1209 4435 AthenaeuspraeterApollonipm
1224 4362 1282 4420 duo
