2954 5034
775 347 797 409 8

211 522 330 596 similia,
366 519 470 582 deinde
498 534 574 580 aero
595 517 736 579 librorum
771 518 807 578 de
833 518 923 575 rebus
949 505 1149 587 singularibus
1176 505 1368 583 peculiarium

212 643 278 685 curn
301 625 536 697 Theophrasteae
558 622 662 680 uelutis
684 616 863 679 monobiblis
879 615 1124 674 conferendorum
1150 611 1243 693 multi,
1266 615 1296 666 et
1309 605 1367 681 ipsi

211 744 229 785 a
255 726 498 799 philosophorum
525 717 854 781 Deurocriteaeaetatis
883 717 1043 790 scriptione
1069 721 1163 773 toturn
1191 710 1260 785 qnid
1288 722 1371 768 com·

212 827 414 901 prehendente
429 821 602 893 alieniores,
615 848 666 864 <-—
689 834 780 894 quum
797 824 875 880 haec
898 819 986 893 igitur
1008 813 1106 876 omnia
1129 819 1266 888 suspecta
1290 817 1369 880 sunt,
1415 813 1417 819 ’

213 935 274 985 turn
308 928 354 985 vel
380 941 416 984 ex
438 924 511 997 ipsis
533 922 626 982 titulis
654 930 720 981 octo
747 924 788 981 illi
815 921 881 980 libri
909 901 1188 979 commentationum
1205 912 1371 972 'ethicorum

214 1043 289 1100 quos
317 1015 383 1099 ipso
405 1023 512 1083 indicis
538 1023 622 1083 initio
645 1023 772 1098 legimus
799 1029 901 1081 octavo
928 1021 1037 1095 quippe
1064 1016 1228 1092 deperdito
1242 1022 1373 1089 praeter·

213 1127 306 1186 misso
334 1115 558 1206 (Πυθαγόρης
580 1127 651 1197 etc.)
679 1124 825 1196 diversas,
852 1131 885 1182 nt
910 1123 1071 1195 fragmenta
1097 1121 1204 1178 docere
1225 1118 1373 1186 ridentur,

213 1242 230 1284 a
252 1227 472 1286 commentariis
495 1225 553 1285 illis
577 1226 776 1299 singularibus
799 1239 875 1298 quos
899 1220 1017 1298 spurios
1039 1220 1207 1280 rectedlcit
1222 1219 1253 1277 ῦς
1270 1217 1375 1278 Milller

215 1328 358 1392 barbarae
392 1328 554 1402 sapientiae
580 1327 694 1397 fabulas
720 1334 874 1384 narrantes
900 1325 1150 1394 barbarorumque
1183 1320 1376 1394 philosopho-

215 1442 282 1486 ruru
309 1445 399 1503 opera
425 1436 640 1489 commentatos
668 1427 841 1485 ficticiorum
871 1429 953 1485 ‘velut
979 1423 1042 1482 Boli
1070 1422 1219 1497 Aegyptii,
1251 1423 1287 1479 de
1314 1437 1374 1494 quo

217 1536 294 1592 errat
316 1531 457 1591 ltllillerus
479 1528 525 1588 Fr.
542 1528 610 1589 hist.
628 1531 661 1600 ll,
674 1527 723 1588 25
740 1544 806 1588 curu
828 1525 982 1586 blullacbio
1005 1522 1109 1598 (156),
1133 1523 1258 1583 Dardani
1280 1523 1375 1580 Phoe-

117 1648 118 1651 *
217 1629 303 1700 nicia,
326 1631 627 1708 AciehariBabylonii
644 1634 680 1693 de
696 1646 755 1705 quo
771 1631 858 1690 etiarn
874 1625 1269 1703 Theophrastusscripsisse
1284 1625 1378 1682 fertur

216 1732 258 1800 (v.
275 1731 362 1802 ind),
386 1733 519 1805 aliorum,
543 1734 623 1792 velut
644 1731 858 1792 Alexandrinae
880 1727 1131 1790 eiusdemactatis
1146 1722 1296 1785 Coeranus
1311 1726 1377 1799 pbi-

217 1832 364 1904 losophus
400 1834 494 1906 (apud
523 1833 660 1904 Plinium,
684 1833 719 1890 cl.
744 1833 800 1906 qul·
817 1832 986 1890 ferebantur
1007 1819 1194 1909 Kvpcrc'deg
1213 1827 1376 1899 'llermeth

218 1930 341 1990 Hennes
349 1933 523 2008 Aegyptius,
547 1935 700 2008 Nechepso
717 1942 746 1993 et
759 1933 900 1991 Petosiris
916 1931 966 2006 qui
980 1931 1027 1988 vel
1038 1930 1212 2004 Pythagorei
1228 1937 1378 1998 vocantur,

218 2032 350 2106 llloebuS,
375 2033 510 2107 Ostanes,
534 2037 651 2094 Zaratas
674 2035 736 2094 sire
749 2037 932 2092 Zoroastres.
978 2031 1059 2098 Quae
1082 2032 1179 2091 studia
1201 2032 1238 2088 de
1259 2030 1379 2105 populis

219 2131 347 2207 Orientis
359 2136 498 2195 historica
509 2135 666 2196 Alexandri
677 2142 771 2194 aetate
783 2135 820 2194 ab
832 2132 1378 2207 AristotelicisTheophrasto'lludcuro
1443 2202 1448 2210 ,

218 2233 343 2306 aliisque
375 2235 491 2311 incepta
517 2238 553 2295 ab
580 2235 786 2294 Alexandrinis
818 2242 852 2294 ut
879 2237 943 2310 ipsa
976 2235 1058 2294 urbis
1086 2235 1221 2293 conditio,
1244 2226 1381 2306 situsque

218 2333 329 2393 terebat
351 2336 539 2409 potissimum
564 2338 745 2407 colebantur,
770 2337 962 2408 eiusdemque
985 2337 1048 2393 aevi
1071 2335 1304 2393 Ptolemaeorum
1320 2334 1379 2391 sci·
1406 2345 1408 2350 ’

218 2433 286 2491 licet
309 2436 405 2509 primi
438 2444 467 2495 et
482 2437 616 2501 ,secundi
650 2438 841 2495 harbarorum
862 2436 910 2493 ¹ad
942 2438 1015 2495 haec
1048 2435 1144 2493 studia
1176 2434 1377 2517 accedentium
1425 2434 1428 2438 ’

220 2528 354 2610 exempla
378 2537 541 2596 clarissima
564 2539 697 2597 feruntur
720 2539 849 2596 Berosus
872 2543 901 2595 et
923 2535 1084 2593 lllauethos.
1119 2524 1378 2602 Quibusvirorum

220 2637 373 2716 doctorum
401 2637 506 2697 studiis
534 2639 647 2698 fabulas
680 2654 784 2697 ornnes
811 2637 919 2710 quibus
951 2643 1084 2694 veterum
1112 2636 1278 2709 sapientum
1304 2636 1379 2695 vitus
1408 2635 1412 2641 ’

220 2739 372 2799 bominum
406 2744 435 2797 et
461 2740 614 2799 admiratio
647 2749 676 2798 et
702 2738 811 2807 invidia
843 2746 997 2796 ornaverat
1030 2738 1145 2796 curiose
1179 2737 1379 2811 colligentium

220 2839 307 2896 etiarn
333 2839 437 2896 itinera
464 2840 514 2897 illa
535 2841 672 2923 ¹sabulosa
700 2841 846 2898 debentur
872 2856 933 2897 non
961 2839 1056 2897 solum
1080 2839 1237 2898 Democriti
1260 2841 1296 2898 de
1320 2854 1379 2912 quo

221 2937 312 2996 critici
336 2939 489 2998 Strabonis
513 2941 590 2999 sicut
612 2943 648 3000 de
671 2941 826 2999 Aristotele
853 2941 1006 3014 sequentia
1034 2957 1092 2999 non
1121 2943 1216 3016 ipsius
1240 2942 1296 3000 iarn
1319 2942 1379 2999 ble-

220 3039 373 3110 gasthenis
392 3041 539 3099 adnotatio
557 3048 603 3100 est
620 3058 695 3114 quae
706 3042 812 3115 legitur
823 3043 841 3098 l.
854 3043 912 3100 xv,
926 3044 972 3102 cd.
985 3041 1301 3113 Kramerlll,210(cl.
1314 3036 1378 3098 Arr.

220 3138 283 3195 lud.
301 3136 329 3197 6.
353 3138 435 3198 oiou.
453 3140 482 3214 2,
494 3136 570 3215 37),
605 3143 659 3200 sed
681 3141 867 3218 Pythagorae
894 3143 1080 3217 Empedoclis
1107 3143 1236 3201 Platonis
1263 3157 1280 3199 e
1309 3156 1379 3199 con-

222 3238 333 3297 iectura
358 3241 485 3315 primurn
511 3251 577 3302 nata
605 3252 635 3302 et
663 3245 725 3326 sive
753 3244 928 3317 scriptorum
942 3240 1097 3303 flalsorum
1123 3245 1202 3303 velut
1230 3242 1379 3301 Dernocri·

222 3348 336 3411 tearum
365 3343 481 3402 illorum
508 3345 679 3407 auctoritate
706 3344 768 3404 sive
795 3347 926 3404 locorum
955 3344 1030 3404 male
1058 3346 1327 3403 intellectornmut
1349 3344 1378 3401 in

222 3443 342 3503 Platone
366 3445 492 3504 maxime
513 3446 688 3521 intelligitur
707 3445 952 3521 interpretatione
970 3445 1149 3520 confirmata,
1172 3444 1279 3519 quibus
1295 3445 1381 3504 itine-

223 3543 306 3605 ribus
333 3547 463 3604 omnium
492 3547 737 3622 philosophorum
765 3558 952 3608 externorum
975 3547 1179 3607 Alexandrinis
1206 3548 1380 3606 celebratam

223 3643 274 3712 (cl.
298 3644 355 3702 iarn
384 3646 496 3704 Platon.
523 3648 658 3720 Epinom.
682 3648 745 3708 987
780 3659 809 3708 et
836 3650 962 3707 maxime
988 3649 1168 3708 Herodotum
1191 3648 1221 3720 2,
1245 3647 1301 3721 503
1323 3646 1380 3718 813

223 3739 286 3802 123
302 3746 372 3816 etc.)
406 3747 580 3820 sapientiam
613 3748 823 3824 Aegyptiorum
852 3732 1004 3824 Magorum·
1036 3749 1309 3822 Chaldaeorumque
1336 3750 1382 3806 ln-

224 3845 334 3923 riorum¹
352 3853 381 3904 et
402 3847 448 3906 vel
472 3847 609 3907 Getarum
631 3850 869 3927 ludaeorumque
885 3852 968 3925 quasi
984 3850 1140 3924 collegisse
1156 3864 1209 3909 eos
1225 3851 1382 3924 lingebant.

224 3944 284 4003 Nec
307 3944 378 4005 satis
402 3949 438 4006 ab
466 3948 512 4007 his
535 3950 642 4009 sabulis
670 3954 779 4026 quibus
807 3960 958 4013 auctorum
987 3950 1102 4011 aetatis
1118 3942 1197 4011 illius
1220 3953 1383 4011 rhetoricae

225 4045 359 4104 indoctae
375 4110 379 4114 ,
393 4048 423 4107 in
446 4053 652 4124 cognoscenda
685 4070 784 4112 rerum
806 4063 908 4114 natura
931 4069 1025 4112 novae
1047 4053 1121 4110 vitas
1143 4054 1298 4127 ipsiusque
1320 4055 1385 4112 Pla-

224 4148 302 4206 tonis
326 4157 354 4206 ct
376 4149 541 4217 Aristotelis
563 4154 844 4227 contaminaverant,
872 4148 974 4214 nostro
1002 4154 1089 4212 etiarn
1112 4162 1245 4235 ternpore
1266 4154 1295 4211 iu
1319 4153 1383 4213 Ari-

225 4250 329 4324 stotele
361 4251 461 4326 Stahr,
495 4254 525 4312 in
554 4254 673 4315 Platone
707 4257 738 4314 C.
768 4258 797 4315 F.
826 4258 973 4316 Hermann
1008 4255 1185 4319 abstinuere.
1241 4255 1383 4314 Barbaros

227 4365 344 4423 quoque
368 4354 556 4429 rrragicasque
572 4357 799 4430 superstitiones
815 4359 872 4415 hoc
887 4357 953 4430 ipso
969 4357 1090 4431 antiquo
1106 4354 1383 4430 (ct-Pltneluotn
1405 4362 1406 4366 ’
