2992 5032
768 342 829 410 114

214 522 336 595 ,quidem
357 522 403 578 -rir
425 528 453 576 at
476 518 595 575 mininie
618 509 754 581 criticus,
789 515 842 570 scd
859 506 962 571 'rarius
989 523 1086 578 tanreu
1122 513 1180 591 (bis
1203 522 1315 572 tanturn
1339 515 1375 570 ab

217 625 338 683 Arriano
361 623 488 692 citantur
501 617 530 688 6,
547 616 575 674 1.
593 615 625 687 7,
639 614 694 691 23)
717 615 894 675 aveteribus
913 615 1060 674 adhibitae
1073 630 1160 688 quam
1173 629 1247 687 quae
1258 621 1375 686 praeter
1407 623 1412 627 ·

218 740 265 783 res
287 724 415 796 privatos
437 722 484 795 (cl.
501 735 526 776 c.
541 719 604 795 12)ι
619 718 688 776 novi
711 725 739 776 et
760 717 871 790 proprii
891 718 1019 774 multum
1046 715 1229 774 continuisse
1251 713 1374 788 putandi

217 824 277 882 sint
299 822 366 899 (cet.
390 823 426 879 cl.
451 820 509 885 Cic.
534 821 571 880 de
594 819 642 877 off.
658 818 688 889 2,
706 817 756 876 14.
774 815 824 877 15.
848 818 931 876 Suid.
953 833 976 876 s.
994 817 1152 890 Antipater.
1176 815 1301 888 Philippi
1311 814 1380 886 epi·⁴

218 927 358 987 stolarum
380 924 456 981 liber
478 938 532 995 ap,
550 920 622 977 Geli.
636 919 669 991 9,
685 917 714 978 3.
738 920 825 978 Stahr
847 919 965 986 Aristot.
990 918 1019 989 2,
1039 917 1099 978 191
1118 916 1207 992 spa),
1243 931 1375 990 quasque

218 1027 391 1085 auctoritato
413 1023 493 1082 omni
517 1036 615 1080 cerere
638 1020 713 1080 sicut
736 1019 950 1078 Socraticorum
977 1028 1007 1077 et
1030 1020 1164 1093 reliquae
1183 1021 1261 1092 apud
1284 1019 1316 1076 b.
1339 1019 1371 1076 L.

209 1127 463 1200 <philosophorum
485 1131 616 1182 veterum
640 1122 782 1195 epistolae
805 1136 969 1193 omnesque
991 1123 1065 1180 adeo
1093 1136 1168 1194 quae
1191 1120 1280 1179 buius
1302 1128 1380 1181 tem<

217 1228 298 1300 poris
322 1225 492 1284 auctoribus
514 1224 631 1280 doctam
652 1229 778 1280 aetatem
800 1222 1005 1294 praecedant-is
1033 1223 1243 1280 adscribuntur
1264 1221 1375 1278 iisen-

217 1327 310 1400 ceptis
333 1343 408 1401 quac
431 1341 490 1384 non
515 1324 656 1397 epistolae
679 1320 781 1383 essent
803 1324 856 1381 sed
880 1323 1028 1383 eradonas
1051 1325 1145 1388 forma
1168 1323 1317 1397 epistolari
1334 1321 1374 1379 de

217 1429 307 1487 rebus
341 1427 467 1501 publicis
506 1425 700 1498 conscriptae
727 1426 807 1487 velut
840 1425 975 1483 isocratis
1007 1425 1150 1498 epistolae
1185 1433 1213 1484 et
1244 1423 1373 1482 Platonis

216 1530 341 1603 septima
364 1537 393 1588 at
415 1525 577 1601 specimina
598 1527 706 1584 docent
728 1542 763 1584 ex
787 1526 945 1585 Andronici
969 1526 1043 1584 libro
1067 1523 1278 1601 servataffiell.
1291 1523 1373 1597 20,5

220 1622 489 1688 :blandiant
510 1635 563 1684 etc.
599 1629 635 1685 ci.
667 1636 784 1700 praeter
816 1636 946 1686 servatas
979 1628 1066 1689 Arist.
1101 1627 1186 1701 epist.
1215 1643 1260 1700 ap.
1289 1627 1375 1685 Stahr

215 1732 304 1787 etiam
327 1725 519 1801 Theophrasti
543 1725 588 1800 (b.
605 1727 637 1783 L.
654 1724 684 1797 5,
702 1724 755 1802 50)
779 1737 808 1786 et
828 1728 952 1786 *Eudemi
976 1729 1004 1786 in
1029 1731 1095 1787 Scb.
1120 1729 1206 1786 Arist.
1234 1727 1374 1800 epistolas

215 1838 244 1887 et
266 1844 311 1901 ep.
335 1831 373 1887 ad
393 1826 535 1884 Phaniam
555 1827 747 1898 Theophrasti
765 1829 802 1885 b.
821 1829 852 1886 t.
870 1803 908 1901 5,
918 1827 969 1900 37,
993 1829 1023 1886 in
1047 1845 1105 1902 qua
1124 1844 1235 1886 ¹noman
1259 1829 1374 1886 sebole-

216 1930 281 1988 stici
309 1930 345 1986 cl'.
374 1927 535 1987 Ps.·Arist.
563 1943 609 2000 ap.
638 1927 749 1985 Sahal·
765 1928 875 1986 Platon.
899 1947 927 2002 p.
944 1928 1006 1988 211.
1030 1930 1136 2000 Turia,
1165 1929 1309 1987 Stratonis
1336 1930 1374 1986 ad

215 2030 369 2109 Arsinoem
393 2029 526 2102 aliosque
548 2029 688 2101 epistolas
712 2028 794 2087 lisia¹
808 2027 837 2100 5,
851 2029 892 2090 60
904 2039 958 2090 etc.
981 2045 1057 2105 quac
1080 2045 1184 2095 omnes
1200 2027 1329 2105 spuriae)
1345 2037 1375 2086 at

214 2135 270 2192 alia
304 2131 437 2204 exempla
471 2129 595 2202 plurima
628 2130 709 2188 velut
736 2130 845 2189 Crateri
860 2177 862 2180 .
879 2132 927 2190 illa
954 2134 989 2191 ad
1019 2139 1140 2191 matrem
1167 2131 1292 2207 epistola
1313 2128 1372 2207 (op.

215 2237 351 2296 strabon.
364 2237 395 2292 T.
408 2233 445 2290 lll
456 2248 484 2304 p.
498 2230 573 2308 275)
596 2232 633 2290 ad
656 2233 786 2308 Gangem
810 2247 906 2306 usqne
922 2233 1040 2292 venisse
1062 2232 1260 2291 Alexandrum
1276 2232 1373 2307 inepte

215 2337 416 2412 perhibentem
452 2331 501 2406 (ci.
527 2334 557 2390 C.
582 2333 685 2394 Mltller
717 2335 824 2392 introd.
854 2335 890 2389 ad
905 2332 1189 2394 Pseudo-Callisth.
1207 2351 1245 2407 p.
1264 2332 1370 2413 XVlll).

215 2438 309 2504 Quam
331 2448 435 2505 parum
458 2431 487 2488 in
512 2432 558 2488 bis
580 2422 683 2488 curare
706 2440 871 2506 temporum
894 2435 1023 2492 rationes
1046 2434 1254 2493 consueverint
1272 2443 1372 2493 aucto·

214 2551 262 2594 ros
285 2535 463 2591 documento
486 2539 532 2589 est
554 2546 629 2605 quae
652 2531 727 2592 inter
749 2533 914 2592 Aristotelis
936 2534 1082 2594 aLoertio
1105 2537 1245 2609 epistolas
1260 2551 1372 2596 memo-

214 2645 295 2698 ratur
322 2636 359 2694 ad
381 2632 579 2693 Democritum
606 2634 735 2691 eundem
762 2633 827 2691 sine
854 2634 944 2701 dubio
973 2636 1139 2694 Abderitam
1168 2639 1205 2694 ad
1232 2653 1320 2710 qrrem
1343 2646 1372 2696 et

214 2739 420 2812 Hippocratem
442 2734 553 2802 litteras
576 2737 696 2805 dedisse
719 2734 880 2809 lingebant:
904 2753 962 2794 non
987 2736 1064 2794 enim
1088 2736 1257 2797 scribebant
1277 2738 1319 2796 illi
1338 2746 1371 2796 ut

213 2839 347 2908 tollerent
368 2836 514 2908 homines,
537 2853 639 2897 verum
663 2837 771 2910 ingenii
795 2850 883 2901 causo
905 2837 954 2914 (ci.
974 2854 1023 2912 cp.
1047 2836 1254 2910 Hippocnad-
1267 2839 1371 2897 berne·

213 2940 301 2999 trium
324 2937 503 3010 Antigonum
515 2931 569 2997 etc,
593 2938 732 3010 Aristippi
749 2938 870 2997 nomine
880 2940 1008 2997 hominis
1019 2937 1134 2997 luxuria
1147 2938 1251 3004 famosi
1261 2933 1369 2998 librum

204 3039 412 3112 insigniebam
435 3033 512 3115 napi
535 3034 686 3110 παλαιᾶς
706 3035 836 3119 τρυφῆς,
854 3040 922 3096 licet
944 3040 972 3096 in
996 3041 1053 3097 hoc
1075 3040 1140 3112 ipso
1157 3041 1369 3103 christotelis

213 3138 364 3197 amoribus
387 3137 505 3201 tabulae¹
524 3147 714 3199 narrarentur
735 3140 767 3196 b.
787 3141 826 3203 L.¹
838 3137 867 3210 5,
881 3137 927 3214 3).
971 3139 1117 3211 Epistolaa
1145 3140 1310 3198 Aristotelis
1332 3141 1369 3199 ad

214 3240 380 3315 Philippum
402 3254 477 3312 quas
500 3247 615 3311 praeter
636 3241 738 3314 viginti
760 3240 832 3298 alias
854 3242 890 3301 ad
912 3239 1010 3299 uarios
1026 3242 1184 3314 separatim
1196 3242 1278 3316 ponit
1290 3242 1322 3309 D.
1335 3244 1366 3300 L.

213 3353 259 3402 ter
280 3342 348 3400 citat
371 3340 608 3415 olympiodorus
622 3339 664 3417 (in
687 3341 745 3399 vita
768 3340 863 3400 Nunn.
887 3359 915 3415 p.
935 3338 1070 3418 1213),
1091 3344 1183 3401 semel
1206 3342 1368 3417 Harpocra-

212 3445 274 3503 tion
291 3490 294 3493 .
309 3435 378 3517 (καὶ
399 3429 469 3520 Ἀρ.
500 3430 535 3507 ἔν
556 3462 631 3502 τινι.
648 3441 713 3502 τῶν
741 3435 826 3524 πρὸς
851 3432 1026 3507 Φίλιππον
1047 3435 1234 3504 ἐπιστολῶν
1250 3444 1318 3523 etc.)
1342 3463 1366 3503 s.

213 3536 266 3604 ὅτι
291 3536 405 3614 ξένους
440 3540 528 3616 (quae
552 3547 608 3603 sub
630 3545 737 3603 iisdem
763 3545 862 3608 verbis
885 3543 987 3603 eadem
1010 3545 1115 3618 repetit
1138 3547 1272 3624 suidas);
1306 3547 1367 3620 epi-

213 3644 304 3702 stolas
337 3645 374 3700 ad
408 3643 590 3716 Antipatrum
624 3646 750 3713 Demetr.
786 3647 823 3704 de
850 3643 1002 3707 eluceat
1025 3646 1261 3725 ρ.97.-Αθῌεη.
1286 3664 1312 3704 v.
1336 3649 1364 3704 b.

212 3742 263 3813 11,
280 3740 371 3814 leto.
415 3742 497 3810 Quas
519 3744 684 3821 Aristotelis
712 3747 852 3819 epistolas
875 3749 924 3820 qui
947 3749 1061 3820 primus
1083 3748 1220 3811 collectas
1243 3745 1365 3818 suisque

212 3845 337 3920 tortasse
353 3850 460 3905 ,auctas
483 3853 548 3904 octo
572 3844 654 3903 libris
677 3843 749 3922 (sec.
774 3847 872 3904 David.
896 3856 926 3905 et
943 3849 1089 3924 liscbern)
1113 3846 1204 3905 edidit
1224 3845 1364 3906 Artemon

211 3944 344 4020 qnidam,
380 3942 608 4002 Cassandrensis
631 3947 755 4004 fortasse
781 3947 830 4004 ille
856 3947 885 4004 id
913 3950 992 4020 quod
1019 3964 1056 4007 ex
1082 3956 1248 4008 ceterorum
1264 3951 1363 4011 ,buius

210 4046 351 4107 librorum
378 4043 470 4103 titulis
498 4060 569 4103 sane
592 4047 750 4104 verisimile
763 4057 817 4115 vest
851 4037 910 4123 (Ἀ.
944 4038 963 4108 ὁ
991 4042 1052 4122 τὰς
1080 4039 1148 4131 Ἀρ.
1182 4043 1364 4126 ἐπιστολὰς

210 4133 417 4230 ἀναγράψας»
437 4144 563 4203 namen.
586 4144 649 4204 223
670 4165 700 4220 p.
719 4147 769 4208 97.
804 4151 839 4208 cl.
873 4151 994 4222 Gregor.
1029 4150 1161 4209 Nazianz.
1193 4152 1360 4228 epistilib

209 4267 238 4323 p.
254 4245 318 4310 876
345 4246 391 4307 ed.
415 4245 504 4305 Paris.
530 4243 626 4306 1609:
660 4242 699 4311 τὸ
726 4243 864 4313 abactor
897 4242 984 4331 dorp
999 4240 1145 4332 εἴληφας
1161 4243 1244 4333 ..παρ’
1267 4245 1360 4337 ἡμῶν

207 4342 268 4421 τὰς
287 4338 737 4430 Ἀριστοτέλουςιὲπιστολᾶς
760 4361 814 4411 etc.
851 4354 929 4431 idem
953 4352 1117 4412 Artemonis
1140 4367 1246 4413 nomen
1271 4355 1359 4418 latere
