2992 5032
795 307 858 366 tto

249 490 368 562 ingrata.
395 482 449 540 luit
480 493 621 552 generum
640 463 863 543 >contaminatio
890 485 918 535 et
945 492 1033 552 prosa
1067 477 1158 536 oratio
1171 522 1174 525 .
1187 477 1263 535 lustu
1284 475 1406 549 ‚poetico

249 583 528 657 mixta'qutousque
551 576 644 656 (velut
658 577 810 656 Dionysio)
833 580 893 638 aori
917 579 1129 652 vituperatione
1152 560 1407 651 digua'videhatur

249 687 377 764 Platonis
400 685 439 742 iu.
452 682 585 740 Phaedro
608 681 771 739 sublimitas
787 712 838 753 -‚
861 688 894 739 ut
915 681 946 738 iu
968 682 1025 739 hoc
1048 678 1207 738 certamine
1230 679 1326 738 omnis
1342 679 1416 744 cius

251 805 358 863 seusus
382 785 549 857 mentisque
571 783 697 842 indoles
710 783 824 847 radices
847 783 932 855 quasi
954 789 1042 856 ag'ero
1065 782 1193 855 indeque
1209 782 1246 839 ali
1259 781 1408 855 ingenium

250 890 395 961 rideatur,
430 893 462 943 ut
490 884 540 957 qui
568 886 643 942 bene
671 885 845 959 intelligeret
872 883 960 941 circa.
976 883 1063 944 verba
1098 883 1207 943 differri
1234 884 1408 956 plerumque

250 989 403 1057 lromiunm
433 1001 541 1047 seusus
568 992 599 1042 et
624 987 725 1045 verbis·
749 994 782 1044 ut
803 977 962 1058 plurimum
985 982 1094 1056 decipi,
1118 983 1299 1044 liberandam
1321 983 1410 1056 igitur

251 1090 369 1164 penitus
392 1104 461 1146 esso
483 1087 697 1160 philosophiam
716 1089 759 1146 ah
782 1094 887 1145 ornatu
919 1087 969 1146 illo
992 1084 1107 1158 poetico
1135 1086 1185 1159 qui
1208 1086 1321 1145 Platoni
1345 1086 1410 1159 qui·

251 1194 318 1249 dom
341 1206 440 1247 rerum
463 1188 573 1246 unitate
596 1203 666 1245 vera
687 1204 766 1247 nuno
788 1189 914 1262 primum
937 1194 1052 1261 reporta
1071 1204 1144 1254 '‘esse
1155 1187 1237 1246 ideas
1249 1187 1409 1245 identidem
1445 1175 1447 1179 ’

253 1290 421 1360 inculcanti„
445 1295 545 1361 utpote
568 1303 666 1349 terrun]
689 1289 878 1351 sensibilium
900 1290 984 1367 quasi
997 1289 1109 1348 ¹uictori
1132 1296 1161 1347 et
1183 1290 1321 1363 religioso
1335 1303 1410 1362 quo-

253 1396 319 1455 dam
354 1407 454 1453 amore
491 1398 519 1448 at
541 1390 577 1448 ab
592 1389 649 1447 -illo
667 1392 753 1463 quod
775 1390 921 1455 Aristoteli
946 1400 992 1450 est
1012 1383 1051 1452 ab
1074 1383 1283 1474 φιλοσοφίας
1296 1387 1412 1475 ’διψῆν

253 1495 380 1554 maxime
403 1493 520 1552 diverso
542 1492 734 1565 triumphanti
757 1493 839 1552 laeile
853 1495 1004 1566 *adhaesit
1028 1494 1239 1551 removendum
1256 1509 1323 1552 esse
1339 1493 1411 1550 illud
1436 1557 1438 1565 ,

254 1598 332 1670 quod
356 1595 502 1668 cogitandi
525 1595 638 1652 ratione
661 1594 692 1651 iu
714 1595 834 1658 unitatis
857 1597 994 1669 gaudium
1019 1596 1133 1656 directa
1152 1605 1181 1654 et
1204 1595 1411 1655 intuitivalere
1467 1618 1468 1621 ¹

253 1697 423 1770 etpoetiea
456 1695 557 1759 nititur
590 1694 799 1766 interpretandi
832 1697 984 1755 arbitrium
1018 1698 1196 1755 inPlatouc
1230 1697 1348 1770 quidem
1376 1696 1413 1753 ad

253 1797 353 1856 omnia
375 1797 436 1853 lere
460 1796 568 1854 secula>
582 1802 734 1853 aeternum
757 1802 844 1869 atque
860 1798 964 1858 cedere
987 1798 1095 1856 debere
1112 1797 1302 1871 disputationi
1317 1797 1413 1854 iustae

255 1907 284 1958 et
306 1906 386 1957 certo
410 1897 534 1955 consilio
562 1896 732 1969 procedenti
760 1903 789 1956 et
811 1897 942 1956 oratione
964 1901 1051 1972 plana
1077 1907 1105 1957 et
1127 1900 1283 1973 perspicua
1306 1898 1414 1971 etipsi

206 2062 209 2063 γ
254 2001 368 2060 notioni
401 1999 527 2072 eiusque
562 1997 725 2058 evidentiae
746 1999 909 2072 adaequata
932 2000 1158 2073 pulcritudinem
1181 2001 1261 2059 illam
1284 2016 1359 2075 quae
1380 2005 1417 2058 vut

253 2103 364 2165 incedit
384 2102 479 2160 relata
501 2101 600 2175 specie
621 2101 662 2158 ita
683 2116 845 2172 numquam
867 2117 925 2160 uon
950 2111 1063 2160 amatur
1085 2103 1154 2181 quia
1168 2100 1415 2176 numquamsatia

254 2187 464 2278 introspicitur.
510 2203 625 2263 Etenim
654 2201 679 2260 si
707 2200 796 2258 ineo
813 2202 880 2259 ¹lere
915 2203 1036 2261 historia
1069 2203 1221 2278 religionis
1249 2204 1415 2262 continetur

254 2316 287 2366 ut
310 2307 528 2364 auimusrecte
552 2305 662 2362 sentire
686 2303 795 2375 quibus
817 2303 958 2376 religetur
983 2311 1020 2362 et
1035 2306 1070 2362 ab
1095 2305 1167 2378 ipsa·
1182 2305 1325 2379 sapientia
1347 2319 1416 2363 vera

246 2422 352 2465 amare
374 2405 560 2473 edoceatur,
586 2405 651 2460 iam
679 2402 776 2461 omnis
792 2404 833 2459 vin
862 2419 904 2462 eo
925 2414 971 2463 est
999 2407 1203 2480 philosophiae
1221 2405 1357 2466 *historia
1383 2404 1416 2462 ut

255 2520 340 2563 meus
373 2505 502 2562 humana
535 2503 628 2560 discat
661 2504 752 2576 loqui.
800 2503 895 2577 Atque
928 2508 1000 2564 haec
1029 2508 1149 2580 quidem
1176 2526 1265 2568 causa
1291 2516 1416 2572 estour

256 2605 421 2667 Aristotelis
450 2604 481 2662 iu
508 2604 573 2678 ipso
601 2613 702 2665 contra
728 2607 857 2665 Platonis
885 2605 967 2665 ideas
997 2589 1098 2668 contra
1125 2611 1240 2670 animae
1267 2619 1364 2684 partes
1378 2617 1416 2667 et

255 2711 312 2777 alia
330 2698 425 2768 multa
451 2707 623 2778 certamine,
658 2722 784 2781 quorum
815 2725 937 2768 sensum
965 2711 1016 2768 uhi
1033 2727 1099 2771 uon
1122 2720 1233 2786 pugnat
1255 2712 1308 2770 sed
1332 2711 1417 2769 docet

256 2821 285 2879 et
307 2818 406 2868 narrat
428 2809 536 2882 optime
559 2811 748 2883 perspexisse
772 2809 951 2885 intelligitur,
976 2820 1004 2872 et
1027 2829 1144 2872 summa
1165 2815 1307 2893 iniustitia
1330 2813 1417 2871 luerit

258 2921 287 2971 et
310 2912 343 2968 iu
370 2911 433 2984 ipsa
466 2909 609 2976 iniustitia
641 2927 789 2970 summum
823 2913 1072 2988 ius‘summaque
1100 2918 1267 2978 auotoritas.
1312 2917 1416 2974 Fuisse

257 3021 356 3072 autem
378 3013 454 3070 halac
476 3011 641 3071 Aristotelis
664 3013 822 3087 propriam
836 3015 974 3075 indolem,
988 3024 1017 3074 et
1040 3019 1146 3076 mentis
1163 3019 1228 3077 eius
1244 3019 1328 3091 quasi
1345 3019 1415 3074 sub-

259 3106 394 3195 stantiam
418 3114 625 3181 caudemiant‘
645 3122 802 3187 antequam
825 3117 860 3173 ad
884 3116 1034 3174 Platonem
1054 3120 1209 3177 accederet
1231 3121 1414 3175 necdeuium

257 3221 346 3292 longo
379 3217 481 3290 viginti
502 3232 659 3275 ¹annorum
694 3231 794 3276 errore
822 3217 982 3290 etiugeuii
1013 3221 1170 3279 certamine
1197 3234 1341 3278 emersam
1365 3219 1416 3278 diu

257 3330 326 3396 post
347 3318 477 3377 Platonis
500 3325 634 3387 mortem¹
649 3316 797 3375 effulsisse
814 3334 904 3392 quum
922 3319 1013 3378 libras
1029 3336 1108 3377 nuuc
1127 3329 1258 3380 servatos
1275 3321 1417 3380 scriberet

259 3440 313 3482 uec
336 3421 518 3482 multis‘iam
532 3427 570 3479 et
593 3435 608 3478 e
630 3417 760 3490 Platonis
783 3421 1023 3481 lere-..sententia
1039 3423 1122 3481 libris
1146 3424 1317 3497 compositis
1341 3439 1416 3496 quos

258 3525 297 3581 ita
321 3529 424 3594 postea
452 3521 587 3581 reiiceret
613 3529 645 3579 ut
667 3539 827 3595 numquam
862 3540 914 3583 eos
941 3527 1031 3586 verbo
1057 3541 1288 3585 commemorare
1317 3525 1418 3599 digua·

259 3631 340 3684 retur
355 3623 397 3678 -ad
420 3621 562 3693 propriae
579 3622 701 3679 rationis
724 3624 932 3684 confidentiam
953 3635 987 3685 >et
1002 3628 1138 3686 virtutem
1155 3644 1222 3686 eum
1235 3628 1417 3701 pervenisse,

259 3723 288 3780 id
312 3729 390 3780 certe
414 3722 439 3778 si
462 3720 572 3794 ingenii
595 3721 658 3779 eius
685 3733 877 3783 monumenta
903 3737 1019 3800 spectas
1047 3745 1168 3787 aversus
1192 3746 1210 3786 a
1231 3730 1336 3787 lahulis
1353 3727 1417 3786 illis

259 3839 333 3897 quas
360 3829 491 3880 veterum
522 3823 558 3880 de
580 3821 639 3879 vita
671 3822 735 3880 eius
759 3824 874 3883 inscitia
900 3808 972 3885 ¹tulit
1000 3830 1055 3887 sibi
1079 3839 1278 3903 repugnantes
1301 3831 1418 3903 fideque

195 3963 200 3967 »
258 3924 404 3998 indiguas,
428 3938 550 3981 aversus
578 3923 619 3982 ab
637 3938 781 4010 annorum
808 3929 941 3987 numeris
968 3929 1026 3990 illis
1055 3933 1137 3991 docti
1154 3933 1324 4006 Apollodori
1348 3945 1418 3990 oon·

258 4029 369 4087 iectura
385 4023 484 4086 tultis
495 4031 525 4083 et
546 4013 747 4089 necessarium
761 4028 884 4086 'videtur
905 4039 944 4088 et<
957 4034 1152 4094 manifestum.
1198 4035 1283 4094 Certe
1295 4034 1350 4107 qui
1366 4049 1419 4107 per

259 4130 374 4205 viginti·
394 4143 488 4185 anuos
523 4135 594 4185 eta
622 4135 721 4188 tenera
755 4131 951 4192 adolescentis
986 4135 1195 4208 septemdecim
1229 4151 1323 4194 anuos
1357 4136 1417 4194 uati

259 4242 351 4293 aetate
375 4227 623 4305 (anot.103,l
648 4238 676 4288 et
699 4234 839 4293 archonte
866 4235 1031 4311 Nausigeue
1055 4239 1209 4311 usquead
1232 4237 1275 4296 Ol.
1294 4235 1366 4308 108,
1384 4235 1416 4315 l.)

244 4336 408 4393 >Platonem
433 4333 571 4422 assiduus
596 4331 705 4391 audivit
727 4335 820 4406 magis
843 4337 1011 4396 Platonicus
1040 4338 1145 4398 luisset
1167 4355 1255 4413 quarn
1278 4341 1331 4398 tuit
1354 4339 1417 4396 Ari-
