2954 5048
777 345 840 405 226

231 518 340 590 scripto
368 513 508 588 peculiari
536 512 708 572 hristotelcs
738 515 796 588 egit
829 509 908 598 περὶ
940 505 1109 579 ιἰκσσσιιῢν
1142 508 1197 576 nec
1216 519 1326 591 ‘nitigis
1353 521 1390 578 ‹lc

231 619 335 679 ceteris
358 631 433 690 quoe
456 615 594 673 sensibus
617 617 820 690 percipiuntur
840 626 956 702 praeter
979 637 1012 679 ee
1035 637 1111 695 quoe
1128 620 1401 694 inpsychologicis

229 722 312 781 libris
335 725 364 778 et
385 716 596 792 physiologicis
619 719 787 792 ireduntmy
811 736 908 794 neque
931 721 1009 779 onim
1033 724 1069 781 de
1092 707 1150 796 quo
1174 728 1262 794 supro
1275 737 1389 780 merno-

229 833 325 884 ratum
354 828 398 907 est
427 812 505 900 περὶ
529 816 640 896 χυμῶν
666 821 783 880 lihellos
812 824 848 880 ed
876 823 973 896 ipsum
998 808 1125 896 pertinet
1147 834 1208 882 nec
1225 824 1275 896 qui
1298 825 1389 883 niodo

228 926 298 1004 huic
321 923 371 998 (cl.
395 922 480 980 Mich.
505 916 612 996 Ephes.
637 916 704 1006 Sch.
728 923 758 981 in
781 924 800 980 l.
825 925 943 984 devite
965 933 994 984 et
1015 914 1109 983 morte
1131 899 1271 998 11731)
1298 928 1389 985 modo

229 1028 428 1100 Theophrasto
453 1023 508 1097 (ite
530 1024 710 1107 recentiores
725 1025 851 1098 ‘quidem
875 1034 908 1084 ut
931 1027 1092 1085 Schneider
1114 1027 1149 1084 cf.
1169 1028 1285 1086 Febric.
1302 1028 1337 1089 Β,
1355 1028 1388 1085 G.

229 1129 259 1204 3,
270 1126 338 1188 245
353 1127 448 1197 Harl.)
471 1124 577 1183 iniuria
597 1112 736 1184 tribuitur
757 1121 835 1210 περὶ
855 1118 1037 1211 χρωμάτων
1065 1129 1115 1200 (cl.
1140 1129 1237 1186 Prnntl
1261 1129 1390 1186 Ferhcn·

228 1235 310 1292 lehre
334 1233 385 1288 der
408 1229 484 1286 elien
508 1243 536 1299 p.
552 1223 696 1302 80-85)
728 1239 912 1307 qino-auctor
934 1244 1099 1309 anonymus
1123 1231 1153 1288 in
1176 1231 1239 1304 ipse
1266 1231 1389 1303 materie

229 1333 392 1407 colligendo
425 1330 535 1386 multus
569 1338 623 1387 nec
656 1327 714 1387 tem
747 1318 942 1405 philosophus
977 1347 1064 1406 quem
1090 1332 1389 1414 ,physicusornnem

229 1437 360 1495 colorum
383 1431 572 1506 physicorum
596 1438 624 1488 et
646 1430 676 1488 in
698 1432 806 1504 plantis
829 1439 858 1491 et
880 1433 910 1492 in
926 1425 1108 1494 'animalibus
1130 1436 1278 1508 terrisque
1299 1449 1391 1508 genc-

229 1537 372 1596 retionem
407 1526 481 1614 (τὴν
503 1525 581 1614 περὶ
602 1525 643 1593 τὰ
664 1523 822 1616 χρώματα
843 1526 992 1620 θεωρίαν
1008 1534 1095 1611 Ι7991)
1112 1535 1168 1608 19)
1203 1536 1233 1594 in
1267 1537 1389 1593 modum

229 1635 402 1698 monobiblii
429 1635 674 1715 e'Theophresto
709 1637 876 1712 ceterisque
910 1638 1061 1711 discip-ulis
1096 1638 1234 1695 dilectoni
1262 1644 1417 1709 enarret,-

228 1739 383 1797 Aristotelc
406 1737 471 1810 ipso
494 1737 545 1794 uhi
572 1737 609 1794 de
637 1737 785 1796 coloribus
814 1741 873 1813 egit
897 1729 929 1797 ’in
952 1741 1035 1798 lihris
1062 1740 1098 1797 de
1127 1739 1222 1796 enimn
1246 1747 1274 1796 et
1296 1755 1389 1796 sensu

228 1849 257 1900 et
280 1835 437 1911 degener.
461 1853 508 1896 en.
525 1834 570 1909 (5,
587 1836 622 1911 1)
644 1845 755 1898 restore
778 1829 887 1916 eliquid
910 1857 1063 1915 nunquam
1079 1839 1270 1913 significante.
1303 1838 1389 1908 Quod

227 1957 297 2001 vero
322 1938 391 1997 dicit
413 1941 450 1998 de
473 1944 539 2012 gen.
564 1955 610 2009 eu.
628 1936 656 2010 5,
674 1926 702 1997 2.
720 1938 793 2015 tet,
806 1942 848 2003 20
871 1933 903 2003 oi
924 1936 986 2023 γὰρ
1010 1933 1114 2022 πόροι
1135 1939 1201 2002 τῶν
1225 1933 1390 2022 αἰσθητη-

228 2035 307 2129 ρίων
329 2031 465 2103 πάντων
488 2024 600 2123 ιδσιιερ
623 2031 814 2124 εἴρηταιιέν
836 2039 1005 2125 τοῖςπερὶ
1027 2035 1221 2128 αἰσθήσεως
1242 2035 1391 2107 τείνουσι.

185 2138 205 2187 Q
228 2140 313 2231 πρὸς
334 2137 397 2227 τὴν
415 2133 577 2226 καρδίαν·
594 2160 629 2203 eo
652 2146 724 2205 nihil
752 2134 834 2206 eliud
854 2148 945 2225 voluit
962 2151 1057 2222 quem
1073 2148 1159 2223 ‘quod
1183 2149 1219 2205 de
1241 2153 1314 2220 pert.
1340 2160 1386 2203 an.

228 2252 257 2323 2,
274 2249 325 2309 10.
343 2239 415 2320 656,
432 2244 474 2306 28
495 2247 535 2304 itn
558 2234 706 2322 exprimit:
739 2239 791 2310 δτι
817 2243 877 2325 μὲν
906 2237 1071 2334 σῦνάρχῆ
1098 2247 1164 2327 τῶν
1191 2237 1387 2331 αἰσθήσεών
1445 2307 1446 2310 ,

227 2348 317 2416 ἐστιν
338 2339 356 2410 δ
380 2343 459 2428 περὶ
488 2341 549 2429 τήν
577 2332 716 2431 καρδίαν
743 2342 849 2423 τόπος
872 2341 1050 2435 διώρισται
1072 2341 1235 2436 πρότερον
1253 2343 1294 2412 δν
1315 2350 1387 2424 τοῖς

227 2447 306 2535 περὶ
328 2439 530 2529 αἰσθήσεως,
554 2448 755 2535 physiologice
779 2453 867 2526 igitur
891 2454 999 2526 dictum
1024 2460 1069 2512 est
1091 2471 1143 2527 pro
1162 2455 1289 2528 eoquod
1306 2440 1386 2511 onrn‘i

227 2557 301 2624 lihro
326 2553 362 2609 de
385 2548 481 2607 anime
503 2557 533 2608 ct
553 2551 579 2635 l⁸>
597 2551 633 2607 dc
656 2560 747 2625 sensu
771 2552 854 2634 (ie.
876 2552 916 2611 'de
939 2571 1031 2613 sensu
1054 2557 1196 2614 memorie
1218 2545 1386 2626 etsomno)

228 2655 390 2738 explicetur
415 2660 444 2711 et
466 2668 488 2735 e
504 2667 564 2741 que
591 2652 688 2712 omnis
718 2654 782 2712 eius
806 2655 843 2712 de
866 2657 962 2714 enimc
986 2659 1117 2716 doctrine
1140 2659 1248 2733 pendet
1271 2650 1322 2732 (ci.
1350 2659 1387 2715 de

183 2760 184 2764 ’
227 2779 273 2823 en.
290 2755 363 2831 411,
380 2754 420 2815 26
434 2757 530 2830 sup),
557 2768 644 2813 unam
669 2762 736 2815 esse
759 2756 885 2816 enimam
913 2746 1057 2839 necesse
1080 2762 1219 2834 pertesi.
1244 2777 1268 2820 e.
1293 2761 1386 2818 iocul-

227 2872 301 2923 tetes
335 2859 467 2920 diversos
491 2857 627 2916 diversis
660 2858 793 2931 corporis
832 2860 964 2932 pertibus
996 2868 1146 2936 tamquam
1180 2862 1385 2934 instrumentis

226 2942 373 3040 primariis
396 2959 518 3030 divisos,
547 2958 576 3016 id
600 2960 693 3035 quod
707 2959 836 3017 Plutonis
865 2962 975 3021 ferebat
997 2965 1151 3038 sententie,
1175 2963 1333 3036 cordisque
1356 2970 1385 3021 et

228 3061 383 3149 sangoinis
414 3050 502 3134 opero
535 3062 676 3132 metitque
705 3068 734 3117 et
762 3070 906 3132 quatenus
940 3072 1079 3138 vegetans
1109 3067 1154 3124 e'st
1181 3074 1210 3134 et
1229 3072 1383 3144 'quatenus

227 3158 347 3228 sensilis
370 3172 457 3236 egere
480 3158 616 3233 adiutem,
644 3146 683 3217 ite
705 3169 738 3218 ut
761 3176 811 3220 cor
834 3170 935 3237 utpote
962 3165 991 3223 io
1005 3167 1074 3240 -quo
1098 3166 1136 3226 sit
1158 3175 1306 3224 etinctus
1330 3165 1396 3236 (ct

225 3262 300 3340 4156,-
314 3264 371 3338 20)
395 3269 424 3322 et
443 3277 589 3321 sensuum
612 3263 743 3322 omniurn
766 3263 941 3339 priucipium
965 3268 1017 3339 (de
1039 3285 1144 3327 somno
1161 3267 1195 3341 2)
1222 3254 1320 3342 ipsum
1345 3267 1385 3326 sit

189 3410 192 3415 -
226 3368 299 3433 illud
321 3357 433 3429 κσινόν
456 3353 676 3446 αἰσθητήριον
698 3366 750 3437 (de
767 3367 858 3424 sensu
874 3366 903 3441 7,
927 3369 977 3427 uhi
999 3369 1093 3444 logice
1115 3371 1194 3428 idem
1217 3369 1382 3443 dicitquod
1411 3443 1413 3445 Ι

217 3484 317 3550 σασα(
339 3472 369 3529 in
392 3471 410 3527 l.
435 3469 472 3527 de
495 3466 648 3525 unimode
672 3481 794 3541 corpore
822 3467 888 3542 ipso
917 3477 946 3529 et
967 3471 1098 3543 pertihus
1122 3472 1185 3530 eius
1208 3487 1268 3530 non
1292 3487 1381 3545 agen*

226 3579 296 3635 dum
323 3571 411 3630 fuerit
439 3567 578 3626 disertius
599 3569 725 3626 demum
752 3577 780 3654 ct
801 3570 1002 3645 physiologice
1025 3573 1055 3630 iu
1078 3575 1095 3630 l.
1130 3575 1166 3633 dc
1190 3570 1294 3632 somno
1318 3574 1383 3632 ι.2
1426 3569 1453 3579 ”

224 3710 267 3721 --
279 3675 315 3734 ci.
329 3675 365 3731 de
377 3671 435 3729 vita
446 3665 466 3728 3
478 3701 519 3711 -
536 3669 663 3742 explicet
683 3679 791 3729 sensus
813 3674 978 3732 communis
996 3681 1138 3747 organum
1152 3692 1202 3733 cor
1214 3684 1379 3749 essentque

223 3780 302 3838 hunc
323 3766 423 3847 ipsum
447 3771 635 3845 potissimum
656 3774 677 3830 1.·
701 3775 737 3831 de
764 3789 869 3831 somno
895 3774 993 3832 locum
1021 3782 1132 3848 spectet
1159 3784 1188 3834 et
1209 3776 1257 3832 illa
1281 3775 1380 3835 citatio

205 3883 241 3939 ·l.
262 3873 302 3936 >de
324 3871 474 3949 ‘genius
502 3882 531 3933 et
554 3873 658 3932 similis
679 3874 774 3943 ¹eltere
802 3874 838 3930 de
860 3882 932 3946 pert.
957 3870 1049 3949 ((1.2,
1067 3874 1095 3933 1.
1112 3872 1184 3947 647,
1201 3875 1273 3949 26),
1308 3893 1378 3954 curn

188 3978 191 3981 ‘
223 3994 282 4056 quo
306 3984 401 4037 cetera
423 3991 566 4037 sensuum
590 3989 697 4049 orgene
719 3965 1029 4045 pcrtim'menifestius
1052 3973 1226 4060 (φανερῶς
1237 3970 1310 4050 656,
1324 3975 1376 4038 30.

221 4073 361 4154 461112.
378 4078 429 4140 20.
453 4073 561 4152 quihus
584 4073 656 4132 locis
680 4073 836 4147 respicitur
857 4081 896 4144 ed
916 4081 934 4136 l.
959 4080 995 4137 de
1018 4079 1161 4153 sensae)
1189 4079 1292 4155 partim
1322 4079 1396 4136 ob-·

218 4161 338 4246 scurius
370 4181 454 4239 venis
488 4174 662 4247 sanguinem
693 4176 871 4237 ducentibus
906 4181 956 4260 (cl.
980 4179 1118 4239 hist.·an.
1135 4179 1165 4253 35
1181 4178 1210 4240 3.
1228 4178 1300 4263 stt„
1317 4178 1374 4253 22)

89 4287 91 4289 ’
158 4323 160 4326 >
220 4288 376 4348 coniuncto
388 4287 470 4340 sunt:
487 4280 553 4333 nont
566 4275 648 4334 visus
661 4293 779 4364 quoque
792 4280 892 4353 organi
904 4289 1019 4341 meatus
1030 4270 1165 4365 (ιίόροι)
1177 4293 1206 4343 et
1216 4284 1334 4356 auditos
1344 4291 1377 4341 et

218 4391 351 4456 ollactus,
374 4387 494 4455 propter
516 4393 591 4451 quos
615 4376 727 4438 cerebri
750 4380 847 4452 potius
871 4398 978 4443 sensus
995 4398 1098 4454 omnes
1111 4388 1179 4446 esse
1195 4387 1373 4459 qtiihusdent
