3228 5228
846 425 908 488 156

301 609 344 678 (p.
362 599 437 662 68h.
454 601 490 658 ci.
503 598 601 657 Ancon.
618 595 699 671 otii).
745 597 804 655 Nec
826 597 900 654 adeo
923 595 1034 655 absona
1056 602 1103 654 cst
1117 596 1153 654 nh
1164 595 1330 660 Aristotelis
1346 598 1458 658 ratione

299 706 349 764 iiia
371 705 487 779 qualem
511 701 629 776 quidem
653 700 746 758 tuisse
768 705 868 762 mente
891 697 1000 771 fingere
1023 695 1167 756 debemus
1190 700 1343 759 nominum
1367 699 1458 774 e'xpii-

300 815 431 866 catorum
464 802 668 878 congregatim
703 800 752 875 qui
780 815 872 872 quum
905 814 1023 872 semper
1056 798 1117 859 iere
1144 799 1175 858 in
1198 801 1263 875 ipsa
1285 802 1459 876 quaestione

300 913 420 967 tractata
442 908 479 965 dc
500 904 621 962 nomine
644 903 852 976 distinguendo
875 909 1006 974 moneat,
1031 901 1108 962 sicut
1129 903 1349 977 Theophrastus
1371 903 1459 962 etiam

300 1009 332 1066 in
354 1009 429 1066 libro
457 1004 634 1080 dementis,
658 1010 757 1064 tamen
786 1012 815 1062 ct
841 1003 872 1062 in
894 1004 1087 1080 Physicorum
1120 1007 1253 1064 secundo
1286 1005 1459 1078 quinorum

299 1107 477 1168 naturalium
511 1107 596 1182 qnasi
623 1105 741 1180 quidam
776 1115 822 1164 est
848 1106 923 1165 iiber
955 1099 1035 1187 περὶ
1059 1101 1124 1168 τῶν
1152 1101 1329 1183 πολλαχῶς
1351 1107 1402 1179 (cf.
1420 1107 1458 1178 V)

300 1211 450 1286 quomodo
472 1216 608 1284 quartum
632 1207 714 1266 iiium
727 1207 957 1282 Metaphysicum
980 1208 1178 1282 compositum
1189 1210 1283 1269 fuisse
1295 1215 1459 1268 statuamus

300 1314 468 1387 exemptum
491 1310 579 1369 dedit
626 1309 761 1370 Ceterum
784 1309 894 1369 Nicolai
907 1311 1300 1384 sententiaequodammodo
1313 1310 1460 1370 consentit

300 1423 402 1474 auctor
423 1413 490 1472 libri
514 1413 619 1472 decimi
635 1402 696 1486 (κ’)
719 1413 755 1471 ah
778 1412 933 1472 Aristotele
955 1412 1042 1486 piane
1064 1411 1152 1472 alieni
1174 1413 1292 1484 (contra
1306 1413 1460 1486 quodvult

299 1517 401 1576 Bonitz
425 1516 536 1575 eornm.
559 1530 587 1589 p.
605 1512 656 1574 15.
685 1513 758 1573 nihil
778 1514 859 1573 enim
886 1514 953 1572 iacit
975 1515 1012 1572 ad
1034 1515 1109 1574 hanc
1130 1529 1194 1574 rem
1216 1529 1314 1587 neque
1337 1521 1459 1572 sentcn-

299 1620 405 1680 tierum
429 1623 591 1678 concentus
625 1631 680 1676 nec
707 1617 853 1676 sermonis
880 1615 1042 1676 similitudo
1077 1624 1109 1676 ut
1136 1618 1221 1676 docet
1242 1617 1458 1674 ltudenreorum

299 1723 443 1782 librorum
466 1729 495 1779 et
515 1719 799 1793 Theophrastcorum
824 1717 928 1790 ratio),
963 1719 1013 1791 qui
1048 1719 1123 1778 libro
1157 1719 1285 1792 quodam
1317 1717 1459 1778 historico

299 1824 464 1898 praemisso
488 1822 540 1895 (ci.
554 1835 578 1878 c.
596 1818 667 1878 tin.
691 1821 763 1878 Bon.
777 1837 805 1893 p.
822 1819 878 1891 22)
903 1820 1000 1882 denuo
1024 1822 1060 1879 ah
1084 1819 1167 1880 initio
1188 1825 1281 1880 totam
1295 1819 1458 1878 doctrinam

299 1931 436 1994 tractans,
464 1938 601 1982 verorum
623 1920 787 1980 Aristotelis
810 1920 953 1980 librorum
975 1911 1004 2004 γ’
1027 1930 1057 1981 ct
1078 1912 1104 1982 ε’
1132 1937 1193 1982 non
1221 1921 1318 1980 solum
1341 1927 1459 1979 senten-

299 2026 405 2086 tiarum
428 2025 562 2084 ordinem
585 2032 614 2083 ct
636 2022 842 2097 disputationis
864 2023 1147 2097 consilium-egit
1162 2022 1241 2081 cuim
1252 2022 1459 2097 postpositum

300 2128 517 2203 metaphysicae
539 2127 762 2185 tundamentum
785 2124 913 2196 logicum
936 2128 973 2184 de
996 2125 1107 2184 ambitu
1126 2132 1155 2183 ct
1167 2124 1337 2182 definitione
1348 2124 1459 2197 primae

299 2230 504 2305 philosophiae
527 2231 578 2301 (ci.
602 2229 675 2287 Bon.
701 2228 813 2285 Gomm.
837 2245 865 2299 p.
882 2225 975 2298 463),
1003 2227 1116 2286 omisso
1136 2234 1234 2284 tamen
1255 2234 1286 2286 et
1308 2227 1459 2302 quaestio-

298 2350 370 2392 nurn
392 2341 420 2391 et
443 2333 595 2391 nominum
618 2330 693 2390 iihro
717 2345 844 2403 quorum
867 2345 942 2401 quae
964 2331 1022 2388 huc
1045 2330 1193 2403 pertinent
1219 2328 1249 2386 in
1273 2328 1347 2401 ipsis
1368 2344 1459 2401 quao-

300 2437 446 2495 stionihns
470 2433 619 2493 solvendis
647 2431 723 2490 sicut
745 2421 776 2489 iri
798 2430 932 2506 Physicis
955 2431 1089 2490 feruntur
1110 2459 1152 2470 --
1175 2429 1303 2496 imitatus
1327 2437 1380 2501 cst,
1399 2431 1458 2488 scd

298 2539 385 2596 etiam
413 2535 443 2593 in
466 2532 527 2593 ci
562 2533 698 2607 (minime
721 2539 787 2606 apte
810 2542 878 2607 post
901 2548 926 2590 c.
942 2529 963 2592 3
979 2534 1042 2592 cte
1071 2537 1174 2594 eadem
1202 2535 1263 2592 scre
1286 2531 1458 2602 exhibente)

298 2647 327 2698 et
348 2638 379 2696 in
402 2633 465 2696 c.8
487 2635 553 2694 iihri
576 2634 669 2708 quinti
693 2651 776 2709 capp.
794 2632 813 2692 1
829 2633 893 2694 ct2
920 2635 1099 2696 verbotenus
1127 2636 1273 2710 exscripta
1295 2633 1456 2710 excerpsit;

297 2741 404 2799 deinde
426 2753 496 2796 vero
519 2753 611 2811 quum
634 2736 798 2796 accidentis
820 2736 941 2796 notione
970 2738 1089 2800 definita
1111 2747 1140 2797 et
1161 2755 1178 2796 a
1196 2737 1322 2796 scientia
1344 2743 1457 2794 semota

297 2845 334 2902 dc
356 2843 421 2916 ipsa
443 2839 608 2900 substantia
629 2838 679 2896 vix
701 2838 816 2913 incepta
840 2840 879 2898 sit
902 2840 1071 2914 disputatio,
1095 2845 1260 2914 sequuntur
1281 2837 1364 2898 nulio
1387 2852 1457 2896 scn-

296 2945 453 3003 tcutiarum
479 2942 596 3000 vinculo
630 2939 704 3014 (nisi
727 2956 828 3000 sumas
850 2950 1000 3004 auctorem
1026 2944 1063 3000 de
1086 2943 1165 3001 omni
1188 2940 1349 3000 theoretica
1370 2954 1457 3013 prac-

296 3047 387 3104 iatum
420 3049 575 3116 utramque
608 3049 637 3100 et
663 3043 853 3118 physicorum
886 3051 915 3102 et
941 3044 1210 3120 metaphysicorum
1242 3041 1454 3116 principiorum

296 3145 459 3204 doctrinam
482 3145 699 3217 quodammodo
721 3145 902 3219 coniungere
924 3147 1070 3220 votuisse)
1098 3153 1234 3219 excerpta
1260 3161 1297 3204 cx
1318 3141 1453 3218 Physicis

296 3249 387 3322 (quae
409 3255 507 3312 tamen
530 3242 591 3304 eo
613 3251 763 3318 tamquam
785 3247 881 3306 aliena
901 3247 1042 3321 citantur)
1073 3249 1110 3308 de
1137 3254 1220 3307 motu
1242 3255 1271 3306 ct
1292 3243 1453 3304 mutatione

295 3359 324 3410 ct
346 3349 459 3409 infinito
481 3346 674 3419 terminisque
701 3349 833 3423 physicis
859 3349 890 3408 in
912 3349 999 3426 Phys.
1016 3347 1083 3423 5‚3
1106 3351 1250 3410 tracuus:
1282 3347 1325 3405 ita
1353 3353 1383 3404 ut
1405 3345 1453 3404 hic

294 3455 369 3512 liber
396 3451 550 3510 manifesto
579 3449 617 3508 sit
638 3449 850 3523 hippocraticis
876 3452 935 3510 iiiis
958 3461 987 3512 et
1002 3435 1211 3512 ⁴iiemocriticis
1238 3449 1452 3524 comparandus

294 3556 344 3630 qui
368 3570 404 3612 cx
426 3553 550 3612 alioruin
566 3551 708 3610 librorum
721 3553 891 3626 fragmentis
903 3554 1191 3625 consarcinabantur,
1214 3552 1319 3628 partim
1329 3550 1450 3624 quidem

293 3674 329 3715 cx
358 3657 432 3713 libro
460 3655 588 3725 quodam
622 3651 759 3727 discipuli
787 3655 940 3713 cniusdam
968 3656 1132 3714 Aristotelis
1159 3655 1266 3728 partim
1292 3668 1329 3710 cx
1356 3651 1450 3724 ipsius

293 3756 425 3832 Physicis
448 3754 639 3828 compositus.
685 3755 812 3814 Omnino
834 3771 903 3813 vero
925 3756 992 3816 iihri
1009 3773 1112 3816 omnes
1128 3755 1274 3816 decimum
1291 3759 1450 3828 sequentes

292 3857 403 3917 nuliam
426 3856 483 3914 iam
505 3855 614 3914 hahent
636 3863 744 3916 certam
767 3857 982 3931 auctoritatem3
1005 3859 1070 3933 ipse
1093 3859 1166 3917 ordo
1180 3858 1288 3917 dubius
1302 3863 1449 3929 estqnum

292 3960 322 4018 in
344 3958 495 4018 nonnullis
529 3958 745 4033 mcmpiarihus
772 3967 801 4018 ct
828 3959 947 4032 quidem
980 3961 1026 4018 vet
1055 3961 1173 4035 optimis
1201 3959 1281 4019 velut
1307 3960 1337 4017 in
1359 3955 1401 4015 Ab
1422 3964 1451 4016 et

291 4068 442 4137 praetcrea
465 4060 494 4119 in
519 4063 548 4120 S.
571 4059 623 4120 Bb.
648 4058 697 4120 Cb.
721 4058 761 4118 ΕΙ)
782 4061 899 4133 (Bouitz
922 4063 1011 4135 praei.
1036 4079 1064 4135 p.
1081 4061 1211 4133 v-Vlt)
1235 4061 1301 4118 iihri
1322 4049 1356 4136 μ’
1376 4068 1405 4119 et
1421 4047 1449 4119 ν’

290 4171 357 4223 ante
380 4163 472 4224 lihros
495 4153 533 4238 κ’,
557 4153 585 4222 t'
608 4163 696 4237 positi
719 4164 895 4236 tegerentur,
921 4163 1085 4222 Alexandro
1107 4167 1206 4222 tamen
1233 4163 1354 4237 antiquo
1377 4163 1449 4222 satis

289 4277 364 4328 teste
387 4268 447 4341 (ap.
471 4263 587 4336 Averr.)
610 4263 760 4336 vulgarent
784 4263 917 4324 ordinem
939 4265 1096 4339 probante:
1130 4263 1200 4322 huic
1213 4263 1300 4325 enim
1322 4263 1396 4322 liher
1419 4252 1448 4322 λ’

288 4370 379 4429 totius
402 4366 473 4426 artis
494 4366 577 4450 [ibris
600 4352 700 4424 e‘-t't'
724 4374 792 4439 post
813 4367 1023 4441 Proicgomena
1046 4367 1279 4441 comprehensae
1301 4365 1369 4426 tinis
1392 4374 1447 4437 est,

289 4487 376 4544 quern
400 4468 549 4541 excipiunt
572 4466 601 4524 in
626 4467 709 4527 libris
732 4469 842 4528 ultimis
872 4469 987 4528 dnobus
1011 4468 1223 4542 Epitegomcna
1243 4467 1385 4540 quaedam
1409 4468 1446 4522 de
