2954 5048
653 353 714 415 att

107 531 258 604 Rheginos
273 539 277 619 J
292 528 501 604 (Tbeophrtb’.
526 528 564 601 pl.
582 523 612 599 1,
629 522 658 598 5,
676 524 717 599 6).
760 527 843 583 Adde
876 487 1052 601 quodipse
1085 527 1256 590 Aristoteles

105 633 396 705 pharmacopolarum
429 638 507 688 certe
539 643 652 686 morem
679 626 771 699 tangit
797 642 864 684 eum
892 637 924 686 ut
950 630 1080 689 viventes
1108 641 1259 690 servarent

106 741 260 806 serpentes
292 741 321 792 et
353 746 475 790 araneas
502 719 699 811 (φαλάγγια)
721 725 751 801 8,
772 727 802 783 4.
819 723 892 799 594,
911 724 952 786 93
985 721 1056 790 ἔστι
1089 728 1127 817 δὲ
1159 731 1257 794 τοῦτο
1349 744 1353 749 ’
1436 722 1442 728 ’

104 832 281 917 θεωρῆσαι
308 825 343 894 ἐκ
363 829 429 892 τῶν
451 825 544 913 παρὰ
569 828 640 902 τοῖς
662 818 954 912 φαρμακοπώλαις
975 828 1186 916 τρεφομένων
1209 834 1258 911 (cf.

105 934 136 1007 9,
153 933 203 996 39.
222 935 310 995 6221)
326 933 390 1013 34).
436 934 620 1009 Quapropter
652 929 703 989 ubi
726 931 767 988 de
795 929 882 988 Asiae
909 933 1057 992 orientalis
1085 936 1261 995 animalibus

104 1037 276 1098 Aristoteles
297 1037 486 1095 ‘mentionem
519 1033 611 1093 iniicit
637 1038 733 1089 utrum
762 1045 798 1088 ex
827 1030 956 1092 fontibus
979 1024 1115 1094 hauserit
1140 1036 1259 1096 Persico

52 1216 56 1219 -
105 1139 182 1197 bello
206 1138 420 1212 antiquioribus
438 1137 499 1195 sive
510 1134 594 1194 libris
606 1131 699 1210 (nulla
711 1131 789 1190 enim
802 1147 902 1189 eorum
915 1149 990 1207 quae
1001 1143 1070 1208 post
1080 1134 1261 1196 Herodotum

105 1241 148 1297 de
164 1240 243 1298 ludia
267 1239 314 1298 alii
338 1240 417 1297 velut
438 1238 579 1296 Eudoxus
602 1233 774 1307 scripserint
796 1233 937 1319 memoria
959 1244 1074 1294 servata
1096 1247 1149 1314 est.
1185 1239 1260 1296 llino

106 1333 224 1414 quoqne
239 1326 429 1398 Aristotelis
444 1337 575 1411 aequalis
608 1336 639 1394 iu
661 1332 788 1392 Persicis
815 1330 958 1392 naturalia
984 1326 1094 1407 babuit]
1110 1340 1201 1399 multa
1223 1341 1258 1400 cf.
1354 1393 1356 1396 ,

105 1440 183 1515 lab,
196 1439 322 1500 12—16
335 1439 427 1517 Mllll.)
461 1436 523 1499 sire
544 1445 751 1497 vmercatorum
779 1443 808 1494 et
829 1436 1079 1509 peregrinatorum
1105 1442 1260 1500 traditione

105 1542 168 1600 sive
190 1528 234 1600 ex
248 1542 451 1615 paradisorum
471 1541 556 1610 risu,
585 1531 622 1597 an
645 1555 680 1596 ex
698 1537 777 1609 ipsis
805 1537 841 1595 de
864 1536 974 1609 quibus
995 1554 1099 1612 parum
1122 1543 1259 1601 traditum

45 1713 48 1717 Ι
95 1649 150 1700 est
171 1642 329 1705 Alexandri
350 1643 489 1701 comitum
511 1640 728 1699 narrationibus
751 1636 830 1696 nunc
852 1639 913 1696 iere
938 1626 1065 1720 discerni
1078 1653 1137 1699 non
1150 1650 1257 1716 potest.

104 1744 176 1802 Nam
200 1747 279 1818 quod
301 1725 413 1802 Plinius
433 1757 517 1816 quae
544 1743 581 1799 de
612 1730 738 1802 murium
767 1744 827 1801 letu
853 1736 1046 1823 moribusque
1076 1732 1200 1803 Persicis
1223 1758 1259 1802 ex

104 1845 192 1904 Arist.
216 1847 244 1903 b.
268 1841 411 1917 an.>d‚37
434 1843 589 1915 exscripsit
611 1841 673 1918 tto,
685 1841 739 1923 85)
768 1844 823 1917 sub
845 1828 964 1900 auctore
987 1857 1021 1901 se
1044 1844 1141 1903 dicere
1163 1847 1261 1919 prodit

105 1947 262 2010 Aristotele
284 1956 312 2006 et
334 1945 489 2004 Alexandri
512 1945 608 2018 Magni
635 1944 792 2018 militibuS,
822 1942 851 2002 id
878 1943 993 2002 tabulae
1016 1928 1263 2022 coniecturaeque

105 2062 193 2122 supra
215 2054 393 2107 memoratae
416 2047 516 2104 deberi
538 2047 823 2120 iscileiutelligitur.
856 2045 941 2102 Certe
953 2045 978 2102 si
991 2047 1141 2119 nonnulla,
1162 2048 1261 2107 tamen
1359 2037 1365 2045 ’

104 2165 165 2207 uon
188 2151 279 2207 mults
302 2165 370 2208 eum
392 2164 408 2206 a
431 2147 639 2205 Macedonibus
666 2147 817 2219 accepisse
840 2161 875 2203 ex
903 2161 938 2202 eo
961 2158 1081 2218 quoque
1101 2146 1261 2208 verisimile

104 2258 150 2309 est
172 2252 252 2325 quod
274 2267 312 2310 ne
322 2249 385 2324 ipsi
406 2247 603 2320 libriquidem
616 2246 701 2305 etiam
715 2246 879 2304 doctiorum
890 2253 993 2319 postea
1005 2247 1075 2304 editi
1085 2247 1161 2322 ipsis
1171 2235 1260 2309 rebus

105 2351 207 2410 intenti
229 2367 328 2411 mores
351 2340 503 2409 bominum
527 2355 557 2406 ct
575 2356 722 2407 tractuum
746 2362 821 2421 quos
848 2355 1073 2420 peragraverant
1093 2350 1209 2422 plautas
1232 2360 1261 2410 et

105 2453 240 2510 animalia
277 2453 337 2511 nisi
373 2468 438 2510 raro
476 2450 629 2524 obiterque
651 2455 821 2528 ¹tangerent
858 2463 950 2522 eaque
988 2432 1049 2508 iere
1086 2450 1149 2509 sola
1168 2438 1260 2526 ¹quae

104 2553 230 2612 maxime
251 2555 365 2612 absona
385 2554 563 2621 viderentur,
587 2551 668 2610 vel-ut
688 2549 744 2608 olei
768 2550 882 2628 fontem·
901 2548 932 2624 (i.
957 2565 981 2608 e.
1005 2548 1165 2629 naphthae)
1183 2552 1260 2612 cirea

105 2654 339 2714 Oxumamnem
361 2656 541 2728 arboresque
564 2645 711 2711 interdum
734 2648 827 2709 noras
849 2647 935 2726 (Plin.
949 2649 999 2722 12,
1012 2645 1062 2710 13.
1074 2649 1127 2735 ta,
1140 2651 1182 2712 10
1194 2669 1259 2726 sqq.

105 2755 143 2812 ct
165 2756 201 2814 de
223 2756 278 2814 Nili
301 2754 657 2829 piscibus‘Aristobulum
680 2751 773 2809 Strab.
791 2748 822 2822 3,
839 2748 969 2809 tineae.
992 2748 1132 2835 Megastb.
1156 2754 1189 2811 fr.
1212 2754 1259 2813 ed.

106 2856 303 2915 Schuanbecli
325 2841 356 2930 ρ.
368 2856 409 2917 10
421 2859 479 2931 sq.)
504 2855 642 2928 quodque
664 2851 858 2909 ludiaeadeo
881 2852 1023 2910 mirabilia
1046 2844 1121 2911 larua
1143 2855 1261 2930 antiqua

105 2957 251 3015 celebrata
273 2954 487 3037 diligentiorem
514 2962 616 3030 postea
640 2955 758 3012 demum
781 2940 953 3028 scriptorem
987 2955 1089 3014 sortita
1111 2964 1180 3015 sunt
1201 2959 1261 3016 Me

106 3059 286 3133 gastnenem.
333 3058 459 3118 Omnino
494 3057 572 3115 enim
604 3055 629 3114 si
656 3070 759 3113 verum
787 3065 833 3115 est
859 3042 1013 3115 Alexandri
1042 3058 1259 3131 expeditionem

106 3159 284 3217 Graecorum
317 3159 470 3218 scientiam
496 3159 581 3220 valde
607 3157 740 3228 auxisse,
755 3178 757 3189 ¹
774 3158 804 3216 id
831 3159 895 3232 ipso
923 3159 1016 3232 magis
1038 3159 1129 3216 invito
1152 3160 1259 3219 sactum

105 3267 152 3318 est
173 3261 261 3333 quam
284 3263 362 3333 quod
387 3261 459 3320 salso
481 3260 651 3335 praedicant
673 3253 845 3337 (Humholdt
859 3260 982 3317 Cosmos
995 3250 1116 3333 11192)
1130 3266 1258 3317 auctore.

105 3361 237 3419 Bactrios
269 3362 388 3434 quidem
427 3363 555 3421 camelos
591 3362 651 3419 iam
691 3361 880 3435 Assyriorum
917 3367 1010 3419 aetate
1051 3359 1261 3418 occidentalem

44 3470 46 3475 ’
106 3469 257 3535 spectasse
279 3462 378 3519 Asiam
412 3465 594 3520 attenuisse
622 3468 812 3519 monumenta
844 3460 909 3534 ipsa
932 3461 1039 3518 docent
1065 3456 1261 3534 (111111111-

106 3557 341 3632 pereuntes
369 3561 405 3618 el.
428 3561 613 3634 elephantum
642 3561 722 3640 ibid.¹
736 3560 801 3621 434
833 3561 1013 3634 descriptum
1041 3561 1103 3618 etl
1125 3576 1153 3634 p.
1172 3558 1258 3641 346).

106 3665 166 3722 Nee
198 3661 293 3736 magis
325 3669 404 3719 certo
437 3660 670 3734 pronuntiaveris
709 3664 745 3722 de
778 3663 901 3736 reliquis
927 3650 1110 3720 animalibus
1134 3678 1260 3736 quorum

107 3758 242 3822 notitiam
261 3762 471 3821 Macedonibus
498 3762 598 3820 deberi
624 3763 716 3823 voluit
738 3766 845 3825 Cuvier
871 3760 952 3837 (hist.
976 3765 1031 3822 des
1052 3764 1185 3838 seientes
1208 3782 1261 3824 na-

106 3865 236 3924 serenes.
260 3864 341 3923 nais
364 3859 457 3924 1831.
480 3864 540 3921 ur
562 3848 679 3938 pytte.
704 3867 739 3923 er.
763 3865 922 3945 numanus
945 3864 1070 3925 camos
1086 3867 1120 3939 u,
1137 3864 1258 3941 tetsq.

106 3963 170 4026 427
182 3965 250 4043 sq),
274 3965 311 4047 dc
332 3965 434 4039 pardio
457 3966 503 4024 vel
525 3967 688 4026 secundum
711 3960 796 4026 aliam
818 3966 975 4025 lectionem
996 3967 1150 4041 bippardio
1167 3965 1261 4044 (quod

109 4070 173 4126 solo
200 4066 284 4126 vocis
305 4062 379 4125 sono
403 4074 567 4127 commotus
595 4068 748 4133 duviani·
766 4066 797 4127 c.²
819 4074 928 4126 temere
950 4059 1062 4142 putavit
1089 4083 1156 4127 esse
1182 4069 1262 4128 idem

108 4169 215 4227 animal
237 4168 317 4242 quod
344 4181 424 4226 nuuc
437 4172 608 4244 appellatur
629 4171 706 4231 Pelia
727 4170 839 4243 iubata,
874 4170 947 4244 ipsis
970 4152 1075 4244 paucis
1095 4168 1261 4235 Aristotelis

107 4269 204 4328 verbis
225 4270 312 4344 plane
333 4273 563 4349 repugnantibus
586 4273 662 4331 iuter
681 4261 891 4354 κερατοφόρα
913 4265 970 4332 καὶ
990 4261 1110 4347 dixerint
1129 4271 1264 4329 iubatum

108 4371 179 4429 illud
206 4371 362 4430 referentis
377 4369 451 4442 499,
471 4367 499 4430 t..
524 4375 559 4432 ei.
576 4366 734 4445 499b31,
762 4389 859 4447 neque
882 4376 983 4432 'tamen
1002 4364 1193 4432 'verisimilior
1213 4380 1260 4430 est

996 4473 1061 4533 14*
