2954 5034
612 272 615 277 ’
659 319 717 396 aa

102 510 169 555 nam
196 496 277 570 qnod
305 496 349 554 vel
368 495 413 557 ln
431 497 571 563 Solonem
593 497 664 554 hoc
683 476 848 559 referebant
874 495 1012 577 convenit
1032 512 1101 555 cum
1124 502 1171 567 eo,
1184 500 1263 572 arrad
1344 563 1346 567 ,

101 580 186 660 vetus
209 597 328 655 Homeri
351 599 505 671 eaernplar
526 599 604 672 apud
623 599 789 673 Spartanos
805 607 962 660 servatum
983 599 1013 656 in
1036 599 1203 674 Lycurgum
1230 608 1263 657 nt

101 697 199 759 ciuilia
217 698 325 761 omnia
338 698 521 771 ¹referebant)
552 700 733 758 in=hthcnas
760 699 891 771 primum
909 699 1020 759 invexit
1041 708 1071 758 et
1094 701 1263 763 describere
1338 716 1345 731 ·

101 799 132 856 in
154 800 306 872 proprium
329 800 447 873 publice
467 801 637 874 >depositum
664 801 815 873 exemplar
842 800 929 869 iussit
951 804 1026 872 (see.
1051 802 1262 876 Pseudoplato-

101 900 159 961 nici
179 900 267 973 llipp.
291 901 492 972 testimonium
519 902 757 975 antiquissimum
771 936 773 939 v
786 903 872 975 quod
892 901 964 959 nihil
984 902 1122 960 ,refutarit
1144 904 1260 961 Nitzsch

102 1001 168 1060 bist.
184 999 317 1081 hamat,
334 999 397 1059 tot
410 1018 474 1076 sqq.
498 1004 770 1065 Alexandrinorum·
788 1003 865 1063 siant
879 1003 1076 1062 recentiorum
1093 1004 1262 1060 coniectura

28 1170 32 1177 ,
100 1119 137 1160 ex
155 1102 223 1174 ipsa
247 1103 320 1169 falsa
342 1104 565 1177 antiquissimae
595 1105 759 1167 carminum
785 1105 909 1179 originis
935 1104 1081 1180 opinione
1098 1109 1166 1162 nata
1189 1105 1259 1176 est),

93 1202 131 1262 ¹ut
154 1203 222 1267 inde
244 1203 407 1267 discentes.
417 1207 601 1280 correctique
625 1206 831 1270 insto-ordine
845 1205 986 1281 rbapsodi
1001 1213 1094 1265 totum
1110 1193 1163 1278 (ἐξ
1176 1192 1260 1266 ὑπο·

76 1295 202 1386 ’βολῆς
223 1319 320 1368 sensu
338 1306 515 1380 antiquiore,
529 1330 564 1360 =
591 1301 632 1381 s'}
643 1296 865 1392 ὑπολήψεως,
889 1308 957 1366 licat
979 1306 1070 1366 inrito
1093 1306 1210 1367 Nitzsch
1225 1307 1259 1378 IL

101 1405 259 1481 13381111.)
292 1407 500 1482 declamarent.
551 1411 632 1478 Quae
664 1411 729 1484 ipsa
751 1410 860 1470 ¹serior
892 1411 969 1482 apud
999 1408 1118 1479 Atticos
1140 1407 1259 1471 Homeri

97 1509 202 1576 >notitia
224 1524 283 1566 non
301 1508 387 1569 *adeo
404 1511 529 1583 multum
540 1521 635 1572 antea
651 1512 761 1573 vixisse
776 1514 856 1589 hunc
871 1511 1051 1589 comprobat.
1085 1509 1173 1582 Epicu
1188 1514 1267 1566 vera

98 1609 198 1684 poesis
220 1610 272 1673 cul
290 1625 370 1671 nunc
385 1609 469 1668 Attici
489 1627 613 1685 *quoquc
629 1615 942 1687 Thesenmtcauentcs
960 1619 1064 1685 poetae
1080 1611 1259 1683 accedebant

97 1720 214 1786 praeter
250 1711 437 1785 tragoediam
469 1714 583 1786 usquc.
603 1715 640 1773 ad
671 1712 804 1787 Pisandri
831 1722 861 1772 et
882 1712 1061 1788 Panyasidis*
1075 1717 1258 1787 aetmcmct

97 1815 134 1873 ad
161 1813 257 1887 ipsum
286 1829 354 1883 vere
380 1812 565 1872 historicum
581 1816 718 1874 Choerili.
735 1831 865 1876 carmen
885 1831 946 1873 nno
973 1821 1076 1873 tenore
1104 1806 1214 1870 durans
1241 1827 1284 1876 a

99 1915 206 1973 fabulis
229 1914 331 1988 patriis
354 1914 504 1987 paullatim
524 1917 644 1988 transiit
651 1918 720 1976 ,sive
736 1917 970 1984 inbarbarorum
984 1914 1118 1988 gentium
1134 1913 1256 1983 fabulas,

41 2006 43 2009 ’
99 2017 178 2074 velut
200 2024 348 2079 nascente
362 2018 488 2090 quodam
513 2019 723 2097 geographiae
730 2018 862 2092 poeticae
878 2016 976 2076 studio
992 2016 1171 2089 Arimaspoe,
1195 2014 1257 2089 sive
1317 2029 1318 2032 ’

98 2115 127 2173 in
151 2116 249 2190 ipsius
268 2119 416 2199 quandam
439 2117 532 2190 quasi>
551 2119 700 2191 parodianr
730 2114 995 2192 argumentumque
1014 2117 1162 2176 acaricum
1186 2117 1257 2187 (Ba

96 2217 309 2291 ,trachomyom
323 2218 451 2292 hymnus
462 2218 491 2274 in
505 2219 628 2276 Mercur.
642 2222 713 2292 etc.)
734 2229 763 2278 ct
777 2220 850 2277 adeo
866 2219 1010 2285 arcticum
1022 2205 1256 2292 (ἑπικιχλίόες)

98 2317 214 2379 sivein
237 2319 426 2392 genealogias
448 2319 591 2392 mythicas
608 2322 730 2379 deornm
746 2321 872 2378 heroum¹
887 2318 1128 2391 singularumque
1139 2316 1256 2377 urbium

97 2409 221 2490 κτίσεις
243 2412 368 2492 clauae
381 2418 452 2477 ‘iere
475 2420 662 2479 scientiarum
686 2420 801 2480 initium
824 2427 870 2478 est
890 2419 1028 2478 rusticam
1052 2436 1119 2485 cum
1138 2426 1258 2478 senten-

100 2520 205 2578 tiarum
229 2520 384 2583 moralium
406 2521 569 2594 prudentia
585 2522 761 2581 doctrinam:
781 2538 802 2579 e
824 2522 933 2594 quibus
949 2529 978 2580 ct
992 2520 1114 2601 historia
1129 2520 1257 2577 eunde-m

101 2622 186 2697 plane
209 2609 320 2678 nrorem
343 2636 450 2694 gerens
480 2629 509 2680 et
530 2621 717 2696 philosophia
744 2631 810 2681 nata
838 2631 883 2682 est
910 2638 986 2695 quae
1012 2638 1107 2695 usquc
1134 2621 1172 2676 ad
1193 2619 1257 2685 Pla-

99 2730 198 2783 tonem
213 2731 250 2787 ,et
271 2722 479 2797 cosmogonica
501 2730 530 2802 et
552 2723 646 2783 ethica
668 2724 764 2785 omnis
780 2733 834 2783 est.
867 2723 1065 2796 Theogoniam
1080 2720 1257 2779 llasiodcam

102 2826 162 2882 l'erc
186 2825 326 2897 scqrritur,
342 2826 518 2898 hynrnornrn
546 2824 662 2899 etipsa
687 2824 796 2899 scripta
816 2826 874 2884 iarn
897 2823 1138 2900 poesis((llenis
1154 2823 1182 2881 b.
1200 2821 1256 2878 lle·

101 2928 205 2984 rodoto
228 2925 295 2997 iam,
319 2925 437 2983 Homeri
453 2927 490 2982 ad
504 2925 598 2998 Apoll.
614 2927 776 3001 Thucydidi
799 2935 887 2987 notus
901 2928 980 3000 luit),
1005 2926 1111 2995 deinde
1126 2921 1255 2983 Platonis
1305 2915 1307 2917 ’
1337 2986 1338 2990 ,

93 3035 234 3100 .-tempore
255 3026 313 3085 iam
327 3026 470 3087 ,florentia
495 3027 618 3102 mystica
640 3036 669 3087 ct
691 3029 896 3103 superstitiosa
922 3031 951 3087 in
979 3029 1087 3102 acribus
1111 3025 1255 3099 Orphicae

100 3129 201 3202 poesis
229 3128 443 3187 Alexandrinae
471 3129 592 3189 semina.
642 3129 725 3197 Quae
750 3131 776 3188 si
803 3146 872 3195 veifa
898 3139 981 3203 sunt,
1009 3131 1096 3189 simul
1123 3127 1256 3207 sequitur

100 3230 292 3291 abiiciendam
316 3246 384 3299 esse
407 3247 523 3304 omnem
547 3231 625 3293 illam
649 3249 707 3306 qua
729 3233 955 3306 carolinaepica
971 3232 1117 3291 llosiadea
1131 3228 1256 3287 maxime

100 3331 285 3395 distruuntur
312 3331 570 3405 interpolationnm
600 3333 664 3407 ipsa
692 3335 855 3398 carminum
880 3350 933 3406 per
960 3349 1077 3392 omnem
1106 3330 1256 3404 Graeciam

101 3433 231 3493 claritate
253 3432 466 3506 prohibitarum
489 3433 743 3507 investigationem
766 3449 841 3505 quac
854 3435 1008 3489 doctorum
1020 3433 1080 3490 iare
1092 3437 1255 3501 temporum

103 3549 190 3591 usum
212 3533 242 3590 in
266 3533 448 3594 Homericam
472 3541 596 3590 aetatem
620 3542 651 3591 ut
672 3548 790 3606 parcam
812 3531 841 3588 in
865 3531 1023 3590 scribendo
1038 3530 1255 3603 itareligiosam

102 3634 272 3710 transierat,
300 3632 433 3705 sequitur
459 3633 562 3706 igitur,
591 3632 769 3706 quaemihi
799 3649 886 3708 quarn
914 3632 1039 3691 maxime
1067 3643 1178 3694 certum
1202 3644 1256 3707 est,

102 3735 308 3796 llomcriaaet
330 3734 477 3817 Hesiodea
499 3735 624 3809 singulis
647 3735 822 3809 quibusdam
847 3734 952 3807 paucis,
972 3735 1107 3805 uersibus
1127 3739 1257 3812 exceptis

96 3846 135 3898 ut
156 3853 236 3896 nunc
259 3853 378 3911 qnoque
400 3837 538 3911 leguntur
564 3839 602 3897 ita
630 3839 656 3897 si
677 3836 869 3903 librariorum.
892 3838 1097 3911 negligentiam
1121 3839 1259 3898 omnibus

103 3939 357 3999 veteribnslibris
380 3956 577 4017 cnrmnunem
590 3939 726 3999 omiseris
748 3941 784 3998 ab
807 3940 880 4013 ipsis
896 3939 952 3997 iam
968 3941 1137 4009 auctoribus
1153 3942 1260 4015 scripta
1291 3923 1294 3941 ⁴

105 4059 182 4101 esse.
228 4043 318 4102 Verac
345 4041 424 4101 ,enirn
452 4043 693 4117 interpolationes
720 4043 756 4100 ab
784 4042 867 4115 ipsis¹
883 4041 940 4099 iam
970 4042 1118 4100 veteribus
1145 4049 1259 4101 arontam
1344 4096 1347 4097 γ

22 4223 26 4232 7
105 4145 311 4214 ⁴llarrandrinis
344 4151 373 4203 ct
392 4145 512 4213 ·criticis
546 4145 736 4232 coniecturis¹
759 4145 818 4202 iare
852 4144 996 4203 debentur
1029 4145 1080 4215 (cl.
1106 4143 1257 4216 Chrysipp.

106 4264 151 4319 up.
176 4247 276 4304 Galen.
301 4247 333 4316 V,
357 4244 434 4319 349;
458 4249 494 4307 de
518 4246 633 4320 Epicuri
657 4246 790 4319 epistolis
813 4247 844 4303 D.
868 4247 899 4304 L.
924 4243 974 4316 10,
998 4244 1032 4317 3;
1056 4247 1092 4304 dc
1116 4244 1293 4316 Sophocle·v

108 4349 188 4411 111.
205 4345 384 4423 5,,92616.)
448 4404 451 4408 ,
518 4393 522 4397 .
