2954 5034
670 252 724 378 Δ65

126 486 155 535 et
177 479 299 553 Metapa:
313 478 343 554 1,
357 479 387 552 9,
411 483 467 540 uhi
484 488 664 541 memoratur
685 483 814 542 Platonis
837 485 856 542 i.
880 501 905 542 e.
929 487 1148 548 Platonicorum
1163 522 1205 533 -
1220 507 1285 551 sae-

124 580 247 653 pissime
269 582 348 640 enim
371 584 400 642 in
424 582 630 658 Metaphysicis
652 583 733 645 Plato
762 592 807 644 est
833 603 886 659 pro
909 587 1066 648 Platonicis
1089 622 1131 630 -
1153 592 1284 651 delinitio

124 682 225 755 puncti
252 685 449 744 mathematici
480 684 532 757 (cf.
557 674 644 767 φασί
666 686 702 743 δε
724 686 828 744 eadam
851 690 997 748 sententia
1018 690 1076 749 iam
1098 693 1168 767 Top.
1186 692 1215 766 t,
1232 691 1282 755 18.

125 781 275 846 108h30.
304 792 334 846 et
357 802 428 844 sane
451 786 528 844 illam
551 786 696 844 linearum
718 786 923 846 insecabilium
946 793 1122 850 sententiam
1144 810 1203 853 non
1220 796 1285 853 Pla·

124 886 202 949 tonis
226 887 283 944 iam
306 887 398 946 luisse
421 889 473 946 sed
492 887 707 945 Platonicorum
730 888 862 961 magistri
886 891 1048 948 doctrinam
1071 894 1107 951 de
1129 895 1285 968 triangulis

106 987 278 1067 primitivis
302 987 439 1051 subtilius
467 989 663 1051 excolentium
686 996 715 1046 et
738 991 863 1048 maxima
885 991 1068 1063 Xenocratis,
1093 1000 1121 1049 et
1143 994 1185 1051 rei
1209 996 1282 1059 ratio

124 1089 209 1146 docet
233 1096 261 1146 et
283 1089 347 1162 ipsa
368 1089 498 1168 Platonis
520 1090 550 1147 in
574 1090 691 1147 Timaeo
714 1091 803 1148 verha
825 1109 853 1164 p.
868 1089 908 1150 53
917 1094 943 1149 d.
969 1090 1004 1149 cl.
1018 1092 1159 1173 Alexand.
1174 1096 1284 1154 etPor-

122 1191 206 1264 phyr.
230 1207 274 1264 ap.
300 1192 400 1263 Simpl.
424 1191 454 1248 in
477 1190 564 1264 Phys.
589 1192 606 1248 1.
620 1189 671 1264 30,
695 1192 792 1249 Schol.
818 1195 923 1250 Drand.
947 1210 975 1267 p.
994 1189 1056 1252 333
1066 1209 1113 1269 sq.
1135 1198 1222 1268 ete),
1247 1198 1283 1254 cl.

122 1291 246 1363 Metaph.
262 1291 344 1363 4,1’1
369 1292 419 1366 qui
441 1294 525 1350 locus
548 1291 668 1350 minime
691 1295 726 1351 ad
750 1292 900 1350 Timaeum
916 1294 1012 1352 solum
1037 1295 1154 1368 (Bonitz
1168 1296 1289 1355 Comm.

124 1411 151 1465 p.
164 1391 242 1466 251)
270 1403 391 1467 spectat,
420 1401 449 1452 et
471 1393 641 1450 referendae
665 1402 733 1461 sunt
757 1379 943 1452 sieutsimili
966 1394 1078 1453 ratione
1100 1404 1168 1469 post
1189 1398 1284 1470 ipsius

122 1494 251 1553 Platonis
274 1495 389 1554 citatam
411 1494 597 1559 sententiam*
608 1487 650 1553 ιδ
667 1489 701 1556 a’r
715 1494 785 1567 ταῖς
800 1487 1103 1579 αερὶφιλσσοφίας
1120 1489 1282 1580 λεγόμενα

25 1640 29 1648 .
121 1596 251 1655 Platonis
275 1598 337 1656 sive
359 1597 576 1656 Platonicorum
599 1597 664 1653 libri
689 1599 724 1655 de
737 1595 923 1670 philosophia
936 1613 976 1656 sc.
990 1599 1119 1657 Platonis
1135 1599 1186 1671 (ci.
1200 1601 1232 1657 D.
1246 1601 1279 1657 L.

122 1701 152 1774 4,
164 1701 194 1758 4.
210 1697 250 1760 13
263 1701 334 1772 etc.)
361 1700 401 1756 ita
421 1689 465 1759 ,αἱ
490 1693 714 1780 γεγραμμέναι
727 1691 924 1779 ’διαιρέσεις
951 1701 1003 1772 (δε
1025 1709 1098 1773 part.
1122 1717 1169 1758 an.
1188 1699 1217 1772 t,
1235 1700 1282 1772 2),

122 1801 289 1882 dequibus
314 1817 389 1875 quae
412 1800 481 1859 dicit
503 1801 719 1867 Platonicorum
749 1802 827 1860 illam
853 1800 883 1857 ia
908 1801 967 1858 duo
991 1799 1139 1858 dividendi
1162 1808 1191 1858 et
1213 1802 1284 1859 deli-

121 1900 222 1959 niendi
244 1904 417 1961 methodum
440 1918 600 1977 aggressus
619 1905 772 1992 (dssv'Pffi
796 1918 842 1960 an.
856 1899 885 1972 1,
899 1900 918 1959 2
932 1918 997 1975 sqq.
1021 1901 1102 1959 Anat.
1120 1908 1196 1974 post.
1210 1901 1240 1975 2,
1253 1899 1282 1962 5.

120 2002 156 2059 cl.
180 2002 291 2060 Platon.
317 2005 446 2077 Sophist.
469 2002 530 2064 219
545 2020 609 2078 sqq.
635 2003 663 2062 et
685 2001 757 2063 235.
776 2001 849 2061 264.
863 2000 935 2060 266.
949 1999 1027 2075 267)
1060 2004 1096 2060 ad
1125 2002 1282 2077 Speusippi

88 2096 97 2106 ”
120 2103 170 2160 illa
192 2095 295 2180 ὅμοια
323 2112 351 2162 et
377 2105 407 2162 id
430 2120 524 2178 genus
553 2105 645 2164 libros
674 2106 729 2178 (ita
752 2105 839 2162 etiam
861 2103 891 2160 in
914 2103 990 2160 libro
1014 2104 1050 2160 de
1072 2101 1131 2160 vita
1152 2102 1282 2160 Platonis

120 2205 257 2262 narrabat
277 2205 458 2263 Xenocrates
481 2204 610 2262 Platonis
641 2205 802 2264 divisiones
830 2218 885 2260 sua
913 2202 1031 2274 quidem
1055 2201 1167 2259 ratione
1191 2202 1283 2275 expli-

121 2312 217 2376 catas,
252 2312 285 2363 ut
312 2314 391 2364 certa
420 2306 449 2365 in
470 2308 533 2387 vhoc
560 2306 626 2364 loco
654 2305 764 2364 Timaei
792 2301 970 2375 comparatio
999 2304 1098 2374 docet,
1126 2316 1154 2359 v.
1177 2301 1212 2360 ln.
1235 2319 1280 2377 ap.

121 2406 223 2479 Simpl.
247 2406 275 2464 in
302 2407 386 2482 Phys.
412 2404 642 2480 80142716)
671 2407 786 2486 optime
821 2394 975 2477 quadrant.
1025 2402 1106 2471 Quae
1140 2422 1210 2464 vero
1245 2407 1281 2465 ab

119 2508 207 2567 Arist.
232 2509 268 2567 de
291 2524 356 2583 gen.
381 2517 410 2568 et
432 2525 507 2568 corr.
522 2505 585 2581 2,3
608 2508 734 2568 citantur
755 2493 931 2587 (καθάπερ
954 2498 1021 2564 flt.
1044 2497 1079 2566 ἐν
1099 2504 1173 2580 ταῖς
1190 2502 1281 2568 διαι-

120 2602 284 2694 ρέσεσιν),
313 2626 348 2670 ea
369 2612 405 2670 ad
433 2603 617 2695 διαιρέσεις
645 2611 711 2670 illas
734 2611 812 2684 apud
834 2613 950 2668 veteres
974 2622 1078 2666 omnes
1100 2609 1281 2669 clarissimas
1347 2654 1352 2657 <

120 2713 172 2787 (cl.
197 2713 276 2772 Sext.
300 2713 382 2787 Emp.
403 2731 431 2787 p.
445 2711 523 2786 669)
552 2712 666 2771 animae
694 2719 723 2770 et
750 2713 964 2770 elementorum
991 2706 1022 2769 iu
1048 2707 1166 2768 Timaeo
1189 2710 1281 2769 lactas

119 2816 273 2875 manifeste
296 2822 429 2888 spectant
451 2815 502 2888 (cl.
526 2813 768 2888 Trendeleuhurg
791 2815 828 2872 de
851 2812 889 2870 id.
913 2827 942 2884 p.
956 2806 996 2867 19
1010 2808 1083 2882 sq).
1117 2811 1280 2884 lpsinsde-

120 2917 211 2990 nique
233 2915 399 2975 Aristotelis
430 2917 609 2989 (secundum
622 2915 810 2990 Diogenem)
839 2912 948 2972 librum
975 2898 1168 2987 Πλάτωνος
1189 2907 1281 2974 διαι-

120 3012 232 3101 ρέσεις
270 3017 358 3076 simili
395 3018 480 3076 titulo
496 3074 498 3078 ,
514 3017 689 3092 inscriptum
733 3018 787 3087 (cs.
816 3004 1003 3087 Πλάτωνος
1035 3004 1110 3094 ὅροι
1139 3014 1281 3074 Platonici

120 3121 394 3181 cuiusdamsectas
416 3118 570 3177 miscentis
593 3118 695 3192 etqui
717 3119 754 3176 ah
777 3119 843 3191 ipso
867 3117 954 3176 Arist.
979 3115 1227 3191 etantantoptt,
1240 3115 1282 3178 10

120 3221 252 3296 Dionysii
274 3220 414 3279 Platonici
437 3220 591 3279 cuiusdam
604 3211 688 3303 ὅροι,
713 3221 749 3278 cl.
767 3221 886 3295 Dionys.
901 3219 1026 3293 sophist.
1040 3234 1085 3291 ap.
1099 3217 1280 3276 Pseudarist.

120 3320 373 3398 Physicgu808,
396 3320 436 3382 16
464 3330 492 3381 et
518 3339 555 3380 ex
582 3324 713 3381 Eudemo
741 3321 820 3394 apud
848 3321 957 3379 Rulum
984 3320 1089 3377 citatus
1116 3334 1144 3389 p.
1164 3314 1204 3377 31
1233 3320 1279 3376 ed.

118 3424 210 3483 Paris.
225 3421 323 3496 1554)
347 3424 480 3498 spurium
504 3412 572 3481 es'se
595 3425 667 3482 vidit
689 3422 855 3485 Alexander
877 3423 938 3492 (ap.
961 3420 1115 3490 Philopon.
1139 3417 1169 3473 in
1181 3416 1230 3473 Ar.
1244 3417 1281 3475 de

118 3541 184 3598 gen.
209 3533 237 3582 et
259 3540 334 3595 corr.
358 3526 377 3582 l.
391 3525 420 3595 1.,
445 3538 521 3580 vers.
545 3525 593 3580 lat.
617 3522 751 3596 Bagclini
774 3521 845 3576 Van.
861 3516 946 3578 1568
956 3535 984 3592 p.
998 3517 1073 3576 661).
1094 3505 1281 3600 Ἀριστοτέ-

118 3620 198 3697 λους
219 3616 403 3707 διαιρέσεις
426 3624 455 3682 in
478 3624 542 3681 eod.
557 3623 586 3682 S.
601 3603 687 3681 Marci
700 3619 762 3681 257
786 3621 907 3679 eaedem
929 3621 1066 3678 videntur
1090 3635 1163 3693 quas
1182 3621 1279 3679 verbis

117 3728 216 3801 paullo
243 3724 362 3784 mutatis
389 3723 508 3783 exhibet
536 3725 696 3800 Diogenes,
726 3722 899 3782 chananae
928 3719 1082 3779 divisionis
1110 3723 1279 3796 exemplum

118 3811 195 3905 apud
218 3827 360 3909 Villoison
387 3826 495 3884 haecd.
519 3827 544 3884 11
565 3844 594 3900 p.
611 3824 675 3886 254
703 3842 770 3883 cum
794 3823 825 3882 D.
845 3824 876 3880 L.
896 3819 926 3893 3,
944 3821 1012 3894 90).
1067 3822 1199 3896 Similem
1231 3824 1278 3884 his

118 3931 206 3988 modo
239 3929 394 3996 recensitis
429 3927 706 3986 commentariorum
733 3909 862 3984 indolem
891 3908 1082 3997 studiumque
1110 3925 1209 3983 omnia
1235 3925 1279 3984 rei

117 4037 266 4091 momenta
289 4031 454 4103 modosque
478 4028 617 4087 subtilius
645 4029 732 4087 etiam
755 4027 956 4101 distinguendi
979 4033 1009 4084 et
1031 4026 1187 4100 colligendi
1211 4040 1279 4098 ges·

9 4143 11 4146 ’
118 4133 211 4203 sisse,
250 4138 283 4188 ut
311 4146 348 4189 ex
380 4138 483 4202 quarto
513 4129 777 4204 Metaphysieorum
810 4128 949 4188 coniicias
983 4118 1061 4209 περὶ
1092 4124 1158 4188 τῶν
1192 4119 1278 4185 παλ-

119 4229 227 4308 λαχῶς
249 4231 368 4290 lomuita
389 4230 438 4289 illa
460 4233 546 4305 plane
569 4239 598 4289 et
618 4230 768 4290 incondita
790 4230 977 4301 collectione,
1011 4228 1031 4286 ii
1055 4228 1120 4286 libri
1142 4226 1278 4285 videntur

118 4335 168 4409 qui
203 4334 386 4407 singularum
418 4331 587 4392 dialecticae
625 4332 751 4405 partium
784 4332 977 4404 locorumque
1012 4328 1096 4403 quasi
1131 4326 1276 4401 quasdam

159 4460 225 4501 neu
243 4450 272 4500 ae
284 4449 349 4499 iisne
362 4447 501 4496 insenos.
1048 4426 1066 4488 5
