2992 5032
671 356 731 416 111

122 531 254 604 reliquae
277 545 325 588 res
350 545 453 587 omncs
476 545 512 585 cn
535 542 594 586 nno
616 503 738 586 naturae
755 528 902 609 principio
920 527 1150 606 participantes),
1174 532 1278 590 similis

86 668 94 682 ·
123 632 170 689 'ret
194 631 249 703 ipsi
272 624 384 689 Platoni
407 631 457 704 qui
481 631 551 704 ipso·
568 633 604 688 de
627 629 741 687 animae
763 629 976 688 immortalitate
992 630 1146 688 Phaedone
1163 623 1278 707 dialogo

126 722 200 791 banc
235 734 328 806 ipsam
361 739 450 805 negat
467 732 726 790 immortalitatem
760 730 874 787 animae
907 732 1050 791 declarata
1083 733 1190 791 mentis
1224 752 1276 794 sua

122 835 217 907 ipsius
244 819 347 892 natura
374 834 549 893 universalis
571 841 638 893 eta
662 838 838 906 corpore‘et
859 833 1047 904 generatione
1074 834 1187 892 solutae
1209 836 1227 892 i.
1252 853 1276 894 c.

20 952 24 953 ⁷
51 967 52 970 =
123 937 256 995 idearum
279 937 448 1003 aeternitate
466 937 566 1011 ⁴tidem
589 935 676 994 Arist
701 935 737 992 de
761 950 806 992 an.
823 931 853 1003 3,
870 930 904 991 5.⁷
923 933 959 990 de
983 948 1048 1005 gen.
1072 950 1118 991 an.
1135 934 1213 1012 293)
1237 969 1278 978 -—

123 1039 296 1096 immortalis
320 1038 398 1096 eninr
421 1053 508 1094 mens·
528 1043 573 1094 est
595 1044 745 1108 quatenus¹
764 1042 810 1093 est
825 1051 913 1092 eausa
926 1035 1071 1108 cogitandi
1084 1043 1113 1094 et
1125 1037 1281 1094 notionum
1380 1086 1382 1092 ,

124 1132 275 1198 actualitas
298 1140 316 1197 i.
341 1154 374 1196 e.=
389 1139 568 1196 immortales
595 1139 676 1195 solae
703 1145 772 1196 snut
799 1136 882 1209 ipsae
909 1133 1108 1196 notiones—
1131 1154 1277 1211 quemque

22 1266 24 1269 v
121 1242 251 1299 eundern
273 1240 422 1301 Platonem
446 1240 533 1297 deum
554 1239 694 1296 artificem
708 1239 736 1297 i.
761 1254 786 1295 e.
810 1239 1113 1301 mentem‘ordinasse
1136 1241 1278 1298 muudum
1345 1222 1347 1225 ’

123 1348 152 1398 ct
174 1349 307 1398 naturam
334 1340 502 1398 universam
530 1354 668 1399 sermone
694 1341 801 1398 Timaei
828 1341 943 1413 poetico
969 1339 1171 1412 perhibentem
1200 1348 1278 1398 rectc

123 1443 162 1500 ita
184 1441 519 1512 intellexithristoteles
542 1442 671 1500 Platonis
694 1442 841 1516 genuinus
864 1442 1027 1515 discipulus
1049 1441 1160 1515 etipsa
1175 1450 1278 1500 natura

124 1545 162 1603 sit
184 1535 385 1624 δημιουργός
412 1552 441 1602 et
463 1545 591 1601 mundns
614 1551 761 1602 aeternus.
806 1536 869 1601 Non
893 1544 984 1617 igitur.
1003 1544 1059 1616 ipsi
1082 1543 1220 1601 scribenti
1244 1558 1278 1602 ea

123 1646 293 1718 imputanda
324 1646 470 1704 sententia
496 1654 542 1704 est
568 1663 625 1719 qua
652 1645 683 1704 in
710 1646 861 1719 religionis
882 1646 1005 1718 patriae
1032 1645 1158 1718 mythice
1186 1645 1278 1704 forma
1387 1660 1389 1666 ·

123 1734 290 1806 excusanda
313 1755 342 1805 et
363 1747 534 1820 explicanda
556 1764 631 1805 usus
654 1755 704 1806 est
722 1745 770 1823 (cf.
787 1747 911 1819 Metapb.
928 1746 979 1820 ll,
995 1745 1024 1807 8.
1042 1746 1071 1817 2,
1088 1747 1117 1803 l.
1135 1745 1154 1803 2
1177 1745 1220 1820 2),
1240 1761 1276 1804 ea

123 1850 242 1923 quidem
275 1857 307 1906 ut
334 1847 475 1907 scriberet
507 1865 566 1906 non
601 1849 728 1920 veritath
763 1849 824 1908 scd
846 1838 978 1921 opinioni
1005 1848 1082 1920 rulgi
1105 1855 1134 1905 et
1155 1846 1277 1906 civitatis

97 1949 256 2017 utilitati
292 1948 378 2016 Quod
400 1951 427 2008 si
449 1950 479 2008 in
504 1951 630 2024 Legibus
653 1951 778 2008 maxime
801 1949 882 2008 Plato
894 1949 1019 2008 instituit
1033 1950 1083 2021 (ab
1096 1949 1277 2007 Academicis

122 2068 190 2110 mox
214 2059 242 2110 et
265 2051 406 2123 scepticis
430 2053 500 2110 certi
522 2053 619 2124 placiti
641 2053 734 2110 instar
756 2059 903 2124 arreptum
926 2051 961 2107 cf.
984 2051 1054 2108 Tim.
1079 2050 1275 2110 Locratbdd.

122 2155 204 2212 Philo
227 2155 273 2211 ed.
297 2152 413 2210 Pleiffer
434 2151 640 2224 llam-18.
665 2154 737 2211 Plut.
762 2153 797 2209 de
820 2153 906 2224 genio
930 2153 1011 2209 Socr.
1028 2151 1056 2210 9.
1080 2152 1188 2209 Arrrob.
1211 2153 1275 2209 adr.

122 2248 250 2327 gent-d,
272 2251 331 2313 25„
358 2255 464 2313 sextus
492 2255 574 2327 Emp.
602 2240 630 2328 pss
647 2253 718 2314 394.
735 2251 808 2314 397.
825 2253 887 2314 aot.
907 2269 971 2327 sqq.
1007 2255 1043 2310 de
1072 2253 1212 2312 Cicerone
1240 2254 1275 2311 cl.
1350 2294 1352 2299 -

122 2356 243 2414 Krische
259 2355 377 2415 Forsch.
394 2373 423 2429 p.
437 2354 455 2414 6
467 2356 534 2434 etc.)
558 2358 597 2415 ita
611 2365 716 2416 tamen
739 2366 771 2415 ut
793 2351 1081 2430 ipsam-popularem
1103 2355 1279 2429 religionem
1377 2370 1378 2373 ¹

120 2459 150 2515 in
174 2466 319 2516 astrorum
343 2459 453 2516 cultum
476 2458 647 2518 reformaret
669 2459 874 2534 symbolicum
887 2457 1059 2516 ethominis
1074 2457 1146 2515 illud
1159 2457 1276 2531 iugenio

121 2560 237 2632 poetico
260 2567 288 2617 et
317 2561 446 2618 sermoni
473 2562 566 2633 quent
589 2563 732 2620 adamavit
758 2561 887 2636 mythico
915 2567 943 2618 et
969 2561 1102 2619 sabuloso
1130 2560 1276 2629 convenit,

123 2669 151 2720 ct
183 2661 307 2718 consilio
341 2661 469 2720 oratorio
504 2670 541 2721 etv
562 2663 681 2736 politico
715 2666 794 2737 quod
827 2664 857 2720 in
885 2661 1022 2719 omnibus
1051 2663 1123 2718 adeo
1148 2662 1276 2719 Platonis

113 2762 205 2822 libris
232 2770 379 2835 tamqnam
415 2763 481 2821 ions
510 2769 538 2821 et
560 2779 647 2822 causa
675 2765 856 2837 dominatum
890 2762 1062 2822 Aristoteles
1096 2770 1197 2821 contra
1218 2762 1275 2836 ipsi

122 2872 234 2924 tanturn
256 2864 304 2921 rei
322 2879 479 2936 rerumque
498 2871 622 2922 naturae
646 2866 850 2939 intelligendae
866 2866 996 2923 intentus
1014 2865 1172 2939 mythicum
1189 2881 1276 2923 onrne
1314 2912 1316 2916 .

123 2965 230 3040 genus
246 2972 274 3022 et
296 2964 468 3037 religiosum
495 2965 569 3024 adeo
596 2967 751 3025 contemsit
777 2969 978 3042 neglexitque‚
1006 2975 1039 3025 ut
1064 2967 1122 3025 nisi
1144 2969 1224 3040 quod
1247 2967 1275 3024 in

123 3068 263 3127 Politicis
280 3066 451 3139 simpliciter
470 3066 597 3140 saepius
623 3067 747 3127 affirmat
773 3070 845 3128 deos
873 3085 940 3128 esse
968 3070 1116 3128 colendos
1137 3069 1184 3142 (cf.
1202 3065 1276 3143 759)

122 3178 152 3228 et
170 3169 287 3227 divinae
309 3167 488 3226 auctoritatis
512 3169 649 3242 speeiem
664 3170 693 3227 in
716 3171 867 3230 utilitatem
891 3171 998 3229 civium
1021 3171 1178 3243 legislatori
1195 3172 1279 3230 adhi-

122 3272 248 3330 bendam
275 3269 339 3342 ipse
365 3285 445 3327 nunc
473 3270 623 3343 legislator
649 3275 848 3345 commendat,
882 3288 920 3331 nc
946 3280 1078 3346 taugeret
1106 3271 1223 3344 quidem
1246 3272 1277 3329 >in

24 3386 25 3391 ’
118 3372 269 3430 vlibrisde
292 3371 389 3429 anima
416 3371 495 3429 illam
523 3374 558 3431 de
586 3372 800 3433 immortalitate
826 3376 905 3447 vulgi
933 3381 1051 3431 aeterne
1074 3372 1191 3428 infantis
1215 3371 1277 3444 opi-

123 3472 241 3532 nionem
265 3480 294 3530 et
315 3471 566 3530 ratiocinationem
594 3491 682 3545 quam
701 3473 738 3531 in
761 3475 893 3531 Eudemo
915 3474 1003 3546 longo
1027 3487 1163 3530 sermone
1182 3472 1278 3546 expli·

124 3590 208 3634 casse
231 3573 345 3642 dicitnr,
369 3573 398 3628 in
422 3573 478 3628 hoc
500 3573 636 3630 nimirum
661 3574 725 3631 solo
748 3575 857 3647 scripto
881 3574 1008 3632 veritatis
1032 3589 1118 3646 quarn
1130 3575 1279 3648 praedicat

117 3690 183 3734 non
207 3673 342 3732 sincerus
365 3672 477 3729 amicus
501 3688 644 3748 suamque
668 3672 761 3748 ipsius
785 3677 925 3735 deserens
949 3675 1124 3733 sententiam
1140 3678 1276 3755 (Metaph.

123 3777 154 3849 2,
166 3774 215 3854 4):
228 3763 369 3835 -ἆλλᾶ
390 3768 555 3856 respicitis
575 3774 730 3853 μυθικῶς
751 3769 982 3860 σοφιζομένων
1005 3766 1064 3838 οὐκ
1083 3765 1180 3852 ἄξιον
1193 3779 1278 3859 μετὰ

124 3873 276 3962 σπονδῆς
297 3876 444 3939 σκοπεῖν.
489 3879 580 3936 lmrno
609 3895 677 3938 vero
705 3888 784 3938 tanta
810 3896 864 3954 per
888 3896 992 3939 omnes
1010 3881 1105 3940 libros
1130 3883 1277 3956 opinionis

121 3982 287 4041 constantia
308 3996 517 4054 consensuque
539 3982 654 4054 poetico
676 3982 804 4040 Platonis
828 3983 943 4041 dicendi
966 3983 1070 4058 generi·
1090 3984 1175 4058 eique
1198 3991 1278 4059 quod

123 4085 189 4158 ipsc
207 4085 247 4143 uit
267 4076 462 4165 μεταφορὰς
474 4076 581 4164 λέγειν
594 4078 774 4165 ποιητικὰς
786 4082 922 4163 (Metaph.
935 4083 965 4153 1,
979 4084 1022 4162 9),
1040 4085 1167 4159 quocum
1180 4086 1280 4159 ipsum

123 4185 308 4260 dialogorum
336 4201 431 4259 genus
460 4187 596 4254 cohaeret
623 4195 652 4244 et
673 4185 770 4246 omnis
792 4187 865 4246 ratio
888 4195 988 4261 utpote
1012 4201 1048 4244 ex
1071 4188 1175 4244 eodem
1198 4188 1277 4245 fonte

124 4288 229 4360 poetici
257 4287 386 4345 Platonis
417 4287 526 4360 ingenii
554 4297 743 4362 prognatum,
760 4289 941 4348 ¹Aristoteles
970 4289 1202 4346 adversatur-
1224 4304 1277 4362 pro

124 4402 207 4447 more
229 4401 300 4444 sane
323 4388 498 4447 criticorum¹
514 4389 576 4447 aevi
599 4390 717 4463 antiqui.
734 4391 863 4449 omnium
888 4391 995 4463 quibus
1012 4389 1137 4446 maxime
1161 4397 1278 4464 semper
