3196 5232
708 445 769 510 tst

163 619 252 678 Cuius
286 618 328 677 rei
360 619 569 677 documentum
602 617 695 678 habes
721 627 751 676 et
776 621 899 694 contusa
931 621 979 681 illa
1005 620 1150 697 exilisque
1177 638 1253 697 quae
1281 624 1317 683 de

161 727 312 780 auctorum
341 719 409 779 vitis
432 719 560 778 retulere
587 721 638 794 (cl.
663 737 679 782 e
702 737 744 796 gr.
768 737 844 794 quae
867 737 905 780 ex
925 722 1048 782 Nedimo
1070 732 1206 798 repetunt
1227 724 1318 784 Abul-

159 821 343 880 leradschius
364 817 646 881 Dschemaleddinus
669 823 797 882 lladschi
812 823 915 882 Khalia
937 824 974 882 de
985 823 1106 886 Euclide
1122 834 1150 884 et
1161 825 1316 899 Apollonio

159 913 378 982 mathematicis
394 923 430 981 de
452 913 627 996 Hippocrate
651 927 717 996 etc,
740 925 808 983 licet
831 925 866 982 de
889 925 1013 984 medicis
1036 927 1205 986 auctoribus
1228 927 1317 987 citent

157 1023 291 1084 ioannis·
313 1025 506 1099 grammatici
521 1023 708 1084 Alexandrini
743 1025 894 1084 historiam
928 1025 964 1083 el.
989 1024 1081 1084 Casiri
1102 1019 1220 1099 l,'·286.
1237 1024 1316 1102 238)

158 1133 188 1184 st
213 1126 295 1200 ipsas
309 1127 461 1186 'librorum
489 1125 697 1200 inscriptiones
723 1143 800 1200 quae
828 1127 875 1185 vel
901 1128 1114 1202 antiquissimis
1146 1129 1316 1188 auctoribus

157 1226 289 1286 tribuunt
312 1228 418 1301 scripta
440 1243 501 1286 non
525 1229 621 1288 solum
642 1227 847 1287 recentissima
867 1243 969 1288 verum
985 1229 1139 1290 manifeste
1152 1230 1316 1289 Christiana
1376 1241 1377 1246 ’

157 1327 254 1402 iisque
274 1329 408 1388 tribuunt
430 1329 480 1402 qui
503 1330 549 1388 vel
570 1329 601 1388 in
623 1329 729 1388 iisdem
757 1328 816 1387 illis
837 1329 921 1388 libris
943 1346 1070 1404 quorum
1092 1339 1227 1391 auctores
1248 1347 1315 1406 pcr-

157 1428 294 1487 hibentur
316 1429 372 1503 ipsi
396 1430 529 1488 citantur.
574 1431 614 1490 lta
636 1430 704 1489 iibri
727 1431 888 1492 Christiani.
910 1440 939 1491 et
965 1447 1001 1491 ex
1023 1432 1147 1492 Arabico
1169 1432 1264 1492 Latini
1286 1439 1316 1490 et

155 1530 229 1588 adeo
253 1529 354 1589 Graeci
376 1531 479 1590 Galeni
495 1533 614 1591 nomine
630 1534 876 1592 circumferuntur
890 1533 1018 1607 plurimi,
1042 1550 1168 1610 quorum
1180 1534 1315 1606 exempla

39 1649 43 1656 ·
155 1632 245 1690 multa
268 1633 389 1705 praebet
409 1633 513 1693 Renati
530 1617 679 1693 ¹Charterli
702 1635 792 1693 editio
815 1636 910 1707 (quod
933 1636 970 1693 ad
986 1635 1114 1696 Graecos
1130 1636 1197 1694 cil.
1212 1633 1313 1694 Galeni

155 1725 316 1814 esplecin
338 1726 373 1794 ἐν
394 1733 464 1810 τοῖς
486 1733 621 1819 νεφροῖς
641 1734 769 1797 παθῶν
791 1737 864 1794 T.X
886 1751 914 1810 p.
931 1733 1026 1809 538);
1060 1739 1141 1798 unde
1167 1737 1239 1797 satis
1268 1743 1314 1800 est

155 1849 413 1896 commemorasse
430 1837 676 1912 subscriptionem
704 1836 873 1911 interpretis
900 1837 1014 1896 Arabici
1038 1839 1139 1898 Galani
1160 1839 1237 1898 libro
1261 1837 1312 1896 Se·

154 1944 301 1996 arctorum
323 1939 361 1996 ad
382 1937 531 1996 Monteum
553 1939 586 2011 (a
608 1940 733 1998 Bnrlaeo
757 1953 877 2012 quoque
899 1937 929 1997 in
951 1937 1095 1997 librorum
1118 1937 1219 1999 Galeui
1235 1944 1313 1996 eata-

3 2015 28 2036 ”
128 2039 221 2112 ,logo
240 2040 375 2099 :Vina
399 2041 484 2115 Spec.
508 2037 703 2114 uist.10,92
726 2041 914 2112 memorato),
949 2039 999 2112 qui
1033 2046 1065 2100 et
1096 2037 1161 2114 ipse
1182 2039 1311 2098 auctoris

155 2140 312 2202 Christiani
335 2148 380 2200 est
402 2149 431 2200 et
453 2142 546 2214 (sicut
567 2141 693 2216 plurima
715 2140 818 2200 Galcni
841 2141 877 2199 ci.
901 2137 1028 2201 liadschi
1048 2142 1103 2201 llh.
1119 2139 1149 2214 1,
1166 2138 1222 2214 75)
1245 2139 1312 2200 Ale·

153 2243 290 2301 xandrini
302 2243 376 2316 ·(ed.
392 2242 488 2302 Chart.
504 2245 537 2301 Τ.
549 2243 577 2300 ll
592 2260 620 2316 p.
638 2239 709 2302 554.
727 2239 799 2302 556.
817 2235 905 2315 557),
928 2244 1057 2302 additam
1079 2243 1110 2302 in
1121 2245 1195 2302 hacc
1206 2241 1310 2307 verba:

153 2344 274 2417 „lnquit
299 2345 424 2419 Hunayn
458 2343 536 2403 illius
562 2345 658 2415 Isaac,
692 2345 770 2403 lstuc
797 2349 843 2402 est
870 2345 949 2417 quod
976 2344 1145 2404 invenimus
1172 2359 1207 2404 cx
1234 2342 1311 2400 libro

152 2445 359 2521 religiosorum
383 2445 503 2519 ·Galeni;
536 2452 567 2504 et
593 2451 638 2504 est
665 2444 848 2520 gloriosioris
880 2446 1104 2506 benedictionis-
1128 2461 1218 2520 quam
1243 2442 1310 2502 lihri
1350 2487 1353 2496 ,

153 2548 217 2607 eius
251 2547 299 2606 alii
333 2555 362 2607 et
392 2547 561 2606 iuramenti.
612 2545 698 2613 Quod
732 2545 756 2605 si
792 2546 930 2608 acciderit
962 2547 1038 2608 alius
1070 2547 1145 2608 liber
1170 2549 1207 2606 ab
1234 2546 1310 2620 ipso,

153 2649 326 2709 transieram
359 2650 481 2725 ipsum’'.
530 2649 594 2706 Non
628 2647 727 2708 nunus
760 2657 858 2708 tamen
890 2656 959 2723 post
989 2650 1103 2724 primos
1135 2649 1310 2722 interpretes

153 2752 338 2814 librariorum
364 2751 496 2826 peccavit
521 2749 713 2824 negligentia:
747 2749 787 2808 ita
813 2751 891 2811 enim
919 2751 969 2823 qui
996 2752 1074 2824 apud
1100 2751 1212 2809 Arabes
1235 2749 1310 2808 lere-

153 2855 239 2913 batur
260 2854 335 2912 liber
357 2853 393 2912 de
416 2853 523 2927 plantis
546 2849 657 2910 Nicolai
680 2849 854 2909 Damasceni
878 2852 929 2921 (cl.
954 2852 1052 2926 Meyer
1071 2851 1161 2924 prael.
1178 2849 1308 2908 advers.

153 2953 262 3013 hllredi
284 2955 332 3013 lat
354 2954 434 3028 Lips.
459 2949 553 3013 1841.
577 2970 605 3027 p.
622 2949 764 3024 10—14)
797 2967 858 3024 quo
889 2951 968 3010 hunc
998 2959 1031 3011 ut
1063 2951 1094 3010 in
1127 2950 1193 3010 aliis
1226 2948 1310 3008 libris

151 3054 317 3114 hunctelis
340 3057 377 3113 de
399 3055 503 3113 eodem
526 3058 699 3128 argumento
715 3051 824 3111 librum
837 3053 1007 3127 paraphrasi
1022 3053 1207 3126 expressisse
1223 3065 1309 3110 accu-

152 3157 277 3216 ratiores
297 3157 456 3214 credebaut
477 3156 529 3228 (cl.
553 3152 681 3214 lladschi
703 3153 757 3213 llb.
775 3149 916 3229 5,’162),
943 3164 1048 3231 postea
1072 3156 1104 3215 in
1126 3154 1222 3229 ipsius
1244 3151 1309 3212 Ari-

154 3259 267 3319 stotelis
289 3257 406 3316 titulum
428 3257 499 3316 abiit
521 3265 549 3316 et
572 3257 649 3331 apud
671 3255 818 3315 arabicos
841 3265 1101 3330 commentatores,
1128 3254 1308 3316 recentiores

154 3362 272 3436 quidem
295 3359 387 3434 (inter
409 3375 495 3433 quos,
519 3361 555 3418 ci.
568 3359 705 3419 Wenrich
729 3376 757 3432 p.
775 3356 847 3430 173,
870 3359 1055 3419 sttenleld
1071 3359 1127 3415 l.c.
1151 3374 1179 3430 p.
1193 3352 1243 3414 78.
1256 3352 1308 3423 94,

152 3464 283 3522 Nunnes.
306 3463 344 3520 ad
364 3461 414 3519 vit.
439 3460 557 3521 aristot.
581 3478 610 3535 p.
623 3457 696 3531 138,
720 3459 774 3518 fuit
796 3461 848 3518 lbn
870 3459 1019 3532 Badsche)
1054 3464 1083 3516 et
1114 3457 1192 3529 apud
1214 3452 1308 3512 altre,

154 3565 222 3624 dnm
245 3563 399 3638 Anglicu'rn
421 3563 566 3620 versionis
589 3561 694 3620 latinae
717 3561 824 3618 veteris
846 3566 996 3618 auctorem
1019 3559 1072 3631 (de
1085 3571 1143 3630 quo
1156 3556 1191 3612 cl.
1204 3554 1306 3612 Thom.

152 3667 268 3742 Wright
295 3665 391 3738 Biogr.
419 3663 490 3722 Brit.
517 3663 570 3721 litt.
593 3663 617 3718 ll
643 3679 672 3735 p.
692 3660 756 3720 220
772 3661 833 3734 sq.)
859 3637 982 3752 [hiulco
1016 3656 1197 3732 frequentior
1229 3657 1308 3730 apud
1378 3649 1411 3682 a.

152 3765 264 3827 Arabes
297 3766 408 3824 mentio
441 3765 474 3822 fit
505 3762 572 3822 libri
598 3761 763 3820 Anatolelis
796 3763 833 3820 dc
858 3761 1016 3835 lapidibus,
1049 3761 1080 3818 in
1108 3774 1166 3833 quo
1199 3759 1248 3818 ille
1271 3759 1308 3818 da

153 3868 301 3929 sexcentis
324 3865 467 3940 (Hadschi
489 3866 543 3924 Kh.
561 3861 591 3936 5,
607 3859 664 3936 33)
698 3864 744 3922 vel
766 3863 962 3938 septingentis
988 3861 1210 3936 (sylvestrede
1232 3861 1307 3936 Sacy

154 3969 387 4031 Chrestomathie
396 3991 398 3996 ·
408 3968 495 4026 arabe
509 3969 539 4025 T.
553 3967 589 4024 llI
604 3983 631 4040 p.
646 3961 708 4025 533
723 3965 759 4022 cl.
774 3963 852 4039 447)
875 3965 1005 4039 lapidum
1029 3962 1184 4038 speciebus
1200 3963 1307 4022 dicitur

153 4073 332 4132 disseruisse
359 4085 450 4143 agens
478 4070 516 4127 de
542 4076 646 4127 natura
670 4068 786 4126 illorum
814 4075 843 4126 et
868 4065 1094 4140 proprietatibus
1121 4065 1306 4137 maximeque

154 4177 190 4234 de
217 4174 341 4234 utilitate
374 4171 486 4229 medica
513 4172 550 4230 de
577 4169 651 4228 locis
679 4163 787 4242 quibus
813 4168 1002 4228 inveniuntur
1028 4174 1057 4226 et
1078 4163 1306 4253 metallilodinis,

152 4277 260 4352 plenus
293 4275 342 4332 illc
376 4271 634 4346 superstitionibus
667 4285 723 4329 nec
749 4269 835 4328 Plinii
867 4269 904 4330 de
931 4269 1034 4328 eadem
1064 4284 1097 4327 re
1123 4265 1205 4325 libris
1232 4263 1305 4322 ade'o

153 4375 325 4447 dissimilis,
358 4373 460 4434 aetatis
482 4381 578 4433 autem
602 4372 777 4448 Byzantinae
809 4371 861 4444 (ci.
886 4371 922 4436 do
943 4370 1073 4444 lapidum
1095 4365 1234 4442 gradibus
1257 4363 1305 4422 Ar.

154 4495 199 4552 ap.
224 4471 516 4570 consumperat,
539 4477 592 4534 lbn
614 4475 767 4534 El-Beltar
781 4475 814 4545 ll,
831 4470 881 4534 63.
910 4475 947 4534 de
970 4476 1104 4546 magnete
1132 4465 1256 4540 eiusque
1278 4465 1305 4524 vi
