2954 5034
656 343 698 404 19

100 513 204 575 lloreni
226 513 449 584 praecedebant.
487 510 557 569 Non
581 512 660 571 enim
678 513 827 575 tricante
841 515 1050 588 Peripateticos
1067 534 1165 595 neque
1179 521 1248 580 litte

99 628 199 670 rernm
225 613 348 672 historia
374 627 472 687 noque
499 613 707 687 chronologiae
730 616 860 674 studium
888 625 1005 690 praeter
1027 623 1255 696 genealogorum

100 713 237 788 figmenta
259 716 504 787 coniecturaeque
527 715 767 786 generationibus
794 718 936 796 (γενεαῖς
957 721 1069 780 Helian.
1093 724 1127 780 ir.
1142 721 1194 784 82.
1219 725 1254 782 cl.

99 816 205 874 Herod.
223 817 254 891 2,
270 812 486 889 conspiret)
509 816 685 888 descriptio,
715 832 841 889 quorum
865 826 894 877 ct
909 821 1059 881 rationem
1081 832 1111 884 et
1132 833 1256 884 aetatem

59 941 61 944 >
95 919 230 978 referunt
259 935 363 992 regum
395 918 580 976 sacerdotum
593 918 755 978 uictorum
782 929 897 981 veteres
924 923 990 980 illae
1017 925 1070 996 (cl.
1093 926 1167 984 Plut.
1191 929 1255 986 adv.

100 1019 161 1078 Col.
179 1017 230 1079 17.
253 1022 290 1079 de
305 1035 388 1096 mus.
401 1016 430 1078 3.
447 1020 515 1094 Lyc.
533 1017 562 1076 t.
578 1017 701 1076 Numal
718 1023 789 1094 etc.)
812 1011 1005 1107 ἀναγραφαί
1036 1040 1054 1080 a
1075 1026 1257 1086 doctioribus

100 1121 276 1194 quibusdam
300 1121 468 1181 hominibus
492 1121 596 1180 seriori
619 1129 751 1194 tempore
772 1118 929 1203 cornetae
956 1133 984 1184 et
1001 1125 1042 1183 -in
1064 1128 1182 1202 templis
1203 1145 1257 1202 po·

98 1222 186 1293 sitae,
220 1225 300 1281 velut
316 1246 318 1250 ’
332 1231 401 1297 post
431 1223 540 1283 Timaei
567 1224 733 1283 Philochori
761 1233 818 1283 ete.
852 1226 951 1285 studia
969 1207 1104 1302 *marmor
1130 1230 1257 1289 Parium.

91 1323 200 1382 xGlauci
223 1337 293 1384 rere
316 1323 440 1397 Rhegini
463 1325 538 1385 liber
559 1327 597 1385 de
620 1327 719 1400 poetis
738 1325 843 1386 merito
856 1328 1003 1402 ¹antiquis.
1017 1331 1076 1392 iam
1098 1339 1256 1405 suspectus

93 1425 153 1484 ¹luit
175 1441 238 1483 nec»
252 1426 351 1500 magis¹
369 1426 405 1482 ad
428 1425 591 1486 litterarum
613 1428 765 1487 historiam
789 1419 1207 1506 pertinentem-Theogenes
1229 1440 1259 1491 et

99 1512 315 1586 Stesimbrotus
335 1526 408 1599 (nisi
432 1528 505 1587 sorte
521 1530 700 1588 Herodotum
718 1530 804 1587 etiem
820 1532 961 1603 peculiari
976 1533 1076 1591 libello
1086 1532 1122 1590 ‘in
1137 1533 1247 1591 Homer

73 1636 223 1687 'oetatem
249 1628 439 1702 inquisivisse
466 1646 503 1688 ex
530 1630 649 1689 Totiano
677 1632 795 1701 credas)
832 1647 888 1690 nec
921 1632 1119 1706 sophistarum
1153 1632 1256 1691 aetatis

99 1731 264 1790 Socraticae
287 1731 527 1804 quaestiunculam
550 1731 730 1791 Homericae.
775 1732 897 1792 Restant
921 1734 1004 1794 solae
1026 1734 1171 1807 quaedam
1194 1749 1258 1792 ear·

87 1823 211 1891 'minum
233 1832 384 1906 epicorum
407 1832 484 1905 apud
500 1831 656 1890 historicos
678 1833 826 1895 Herodoto
842 1834 980 1907 aequales
1003 1830 1259 1912 (dharouemeta.)

99 1934 233 2006 notitiam
260 1934 298 1991 de
320 1934 419 2008 lyricis
442 1939 471 1990 et
492 1924 676 2007 pbilosophis
700 1949 819 2007 quoque
847 1936 1012 1994 certissima
1034 1953 1069 1995 ea
1091 1928 1258 2011 suntquae
1308 1960 1312 1961 ⁷

100 2037 156 2110 ipsi
179 2036 209 2093 in
233 2035 403 2108 fragmentis
426 2037 534 2093 docent
556 2034 856 2106 (velutParmenides
878 2038 915 2095 dc
931 2036 1075 2096 Heraclito
1091 2038 1257 2112 antiquiore

99 2148 159 2194 sec.
182 2135 401 2210 Bernapsium).
446 2133 574 2192 Librum
595 2136 631 2192 de
657 2137 764 2207 poetis
782 2145 810 2194 et
836 2137 978 2210 sophistis
1000 2139 1128 2196 Damasti
1155 2138 1259 2196 tribuit

99 2247 178 2295 nnus
206 2236 313 2302 Suidas
328 2249 440 2299 ¹errore
467 2234 532 2291 sine
556 2234 654 2291 dubio.
692 2236 874 2294 Democritea
896 2238 1010 2296 musica
1031 2238 1155 2311 abipso
1178 2245 1258 2297 certe

36 2335 38 2337 ’
100 2338 132 2396 D.
154 2339 259 2398 aliena.
304 2336 386 2395 Sunt*
401 2334 490 2408 igitur
512 2337 697 2394 coniecturae
720 2337 955 2413 coniecturisque
977 2338 1111 2398 nituntur
1133 2320 1258 2396 bleran-

80 2439 252 2499 drinorum
274 2437 399 2495 ¹numeri
439 2437 490 2508 (ol.
520 2436 634 2496 Cliuton
658 2439 687 2495 F.
709 2438 740 2494 ll.
754 2487 756 2492 .
770 2454 797 2510 p.
819 2439 873 2510 ll.)
912 2446 1000 2512 atque
1034 2439 1151 2500 del-endi
1176 2447 1259 2500 *sunt

93 2552 204 2597 omnes
225 2539 275 2598 isti
298 2537 503 2613 Olympiadem
527 2539 641 2597 numeri
665 2542 693 2596 in
716 2555 838 2613 quarum
856 2539 962 2598 seriem
979 2534 1158 2613 grammatici
1175 2540 1257 2614 opica

80 2641 230 2698 carmina
252 2640 355 2698 ordine
378 2655 410 2698 se
433 2640 607 2714 excipientis
630 2657 667 2698 ex
681 2641 753 2713 ipsa
773 2657 877 2698 eorum
900 2642 1259 2714 naturapretioquecon·

100 2745 184 2800 cluso
206 2742 385 2812 inserebant,
408 2741 595 2813 antiquitatis
617 2742 715 2800 studio
743 2742 1022 2814 duetietquadam
1044 2740 1131 2799 etiam
1153 2740 1259 2798 barba-

80 2824 82 2827 *
102 2854 202 2902 rorum
225 2843 429 2915 aemulatione,
452 2844 542 2901 uelut
554 2841 760 2915 Aegyptiorum
785 2856 921 2917 quorum
934 2843 1083 2915 stupenda
1101 2841 1258 2914 antiquitas

102 2945 321 3019 sapientiaeque
344 2946 420 3003 lama
442 2943 698 3018 grammaticorruu
712 2943 856 3003 Graecas.
869 2944 1150 3006 litterasdoctorum
1169 2958 1259 3016 opera

99 3047 219 3105 inventa
241 3055 270 3106 et
291 3034 609 3118 inannornmoertos
631 3061 772 3105 numeros
795 3047 913 3107 redacta
927 3044 1257 3118 certe‘nequehlenau·

87 3149 253 3207 ¹drinorum
276 3148 453 3208 testimoniis
475 3146 616 3221 (Lepsios
641 3147 836 3220 Chronologie
853 3149 872 3219 Ι,
889 3166 917 3222 p.
933 3145 976 3208 38
988 3164 1052 3221 sqq.
1068 3146 1120 3205 44.
1136 3143 1178 3206 45
1191 3162 1256 3220 sqq.

96 3247 145 3311 ¹55
161 3251 242 3323 sqq.)
287 3267 385 3325 neque
423 3259 606 3309 mortuorum
643 3249 726 3313 libris
764 3249 978 3322 sepulcrallbus
1017 3248 1102 3321 (ibid.
1127 3245 1181 3309 ¹38.
1206 3246 1274 3307 50..

88 3349 143 3411 >52
159 3368 224 3424 sqq.
241 3359 295 3410 etc.
319 3353 354 3410 cl.
368 3352 552 3410 lutenbach
571 3352 664 3409 Vorw.
689 3368 717 3424 p.
734 3348 791 3423 17)
828 3366 926 3424 neque
952 3351 1071 3407 demum
1098 3364 1134 3404 ex
1160 3349 1259 3406 blane-

102 3456 193 3513 thone
216 3453 317 3526 (Leps.
341 3470 369 3526 p.
386 3451 449 3513 250
461 3470 517 3526 sq..
530 3450 593 3511 500
604 3453 685 3523 sqq.)
708 3451 857 3522 probatur.
898 3448 970 3505 Huic
992 3448 1077 3518 plane
1093 3445 1198 3503 similis
1213 3455 1260 3505 est

104 3555 241 3611 indorum
263 3552 455 3624 chronologia
477 3553 513 3608 de
536 3565 661 3622 quorum
681 3546 864 3606 carminibus
887 3545 978 3619 epicis
993 3544 1257 3607 secundumln'dcs

103 3656 179 3714 sicut
201 3652 354 3711 Homerica
381 3650 588 3709 vemstissimis
616 3665 695 3709 nunc
723 3650 842 3706 demum
870 3648 963 3707 libero
990 3663 1130 3720 sanoque
1149 3647 1257 3706 iudicio
1333 3702 1336 3705 ,

104 3757 136 3815 Α.
159 3755 268 3813 Weber
289 3752 436 3814 iudicauit.
480 3751 566 3825 Epica
590 3752 668 3810 enim
690 3750 853 3824 poesis‘ita
875 3744 987 3808 tantum
1008 3748 1105 3822 prima
1125 3757 1171 3808 est
1186 3765 1258 3822 qua·

100 3866 192 3917 ‚tenus
226 3853 404 3914 carminibus
438 3861 591 3913 cantorum
624 3851 809 3928 popularium
843 3859 877 3910 nt
899 3852 1024 3910 rudibus
1050 3851 1090 3909 ita
1103 3851 1257 3908 breuibus

106 3959 284 4017 continetur:
313 3972 372 4030 qun
395 3956 513 4029 quidem
537 3957 634 4030 prisco
662 3964 794 4027 tempore
820 3967 938 4012 carmen
968 3953 1091 4027 lyricum
1113 3952 1192 4010 idem
1214 3957 1259 4009 est

106 4060 236 4134 epicum,
274 4065 361 4131 atque
388 4058 486 4118 omma
512 4058 613 4131 poesis
640 4057 670 4115 id
698 4062 744 4115 est
773 4054 948 4113 narrationis
981 4052 1129 4112 metricae
1150 4064 1258 4125 genera

95 4161 262 4219 indiscreta
291 4160 331 4219 ita
357 4166 395 4218 ut
415 4160 496 4234 lyrici
523 4168 553 4219 et
580 4157 728 4218 dramatici
761 4155 899 4216 carminis
932 4155 1025 4213 vicem
1052 4160 1133 4228 gerat
1160 4164 1259 4208 rerum

107 4271 255 4336 gestarum
277 4261 364 4319 tacita
386 4262 529 4333 quaedam
552 4260 705 4319 admiratio
727 4259 791 4333 ipsa
812 4244 906 4332 magis
934 4257 1077 4316 laetorum
1098 4249 1260 4326 granditate

102 4363 269 4439 significata
298 4363 558 4434 quamnarrando
587 4373 728 4434 expressa
750 4369 780 4422 ct
802 4355 1095 4418 certantiumbrevis
1118 4352 1261 4426 quaedam

265 4476 266 4479 ,
1018 4455 1062 4513 2,
