2992 5032
676 343 739 405 149

129 515 184 583 illo
205 515 370 574 abhorrens
394 531 481 589 quam
512 515 624 588 prolixa
650 516 699 594 illa
727 515 840 574 ratione
866 535 922 591 qua
950 527 979 578 et
1000 521 1035 579 ln
1055 522 1168 593 ¹ueteris
1195 521 1293 579 utitur

127 616 206 674 velut
238 617 270 674 in‘
303 617 445 690 exemplis
478 617 573 675 allatis
603 613 810 690 (araasqq.
834 616 906 692 644,
923 618 1040 696 aesqq.
1063 618 1193 696 64915
1211 623 1282 692 eta.)

125 733 242 792 quaque
265 720 341 778 solet
362 717 528 795 Aristotelis
549 726 670 794 propter
691 705 861 798 ἀσάφειαν
871 723 922 799 (oi.
945 716 984 784 ad
1007 715 1283 800 μεμελανιομένον

120 817 190 901 τῆς
204 813 326 894 λέξεως
348 817 420 893 565,
436 817 487 880 30.
504 817 577 892 789,
588 819 650 894 20)
680 834 756 892 quae
783 820 903 893 quidem
929 806 1050 896 prodeat
1077 842 1114 884 ex
1136 819 1283 896 ἐλλιπῶς

124 923 264 995 loquendi
288 922 503 983 consuetudine
526 929 556 980 et
578 936 613 979 ex
635 911 849 1002 βραχυλογία,
862 924 913 1004 (cl.
927 921 999 995 789,
1012 921 1054 996 10
1066 940 1131 998 sqq.
1143 924 1217 995 440,
1229 921 1279 982 28.

118 1022 197 1095 522,
213 1019 243 1082 3.
261 1021 333 1097 565,
350 1020 400 1083 23.
416 1021 467 1084 31.
490 1021 563 1095 568,
580 1020 630 1081 12.
648 1021 721 1095 609,
737 1021 788 1081 21.
811 1022 883 1096 644,
898 1020 949 1084 33.
967 1021 1039 1097 735,
1055 1023 1096 1086 27
1113 1026 1183 1097 ete.)
1211 1040 1281 1082 oon-

124 1127 206 1185 tiuuo
229 1127 393 1200 »vituperati
428 1127 532 1198 (quam
565 1124 707 1184 rationem
741 1125 809 1188 iam
822 1126 870 1183 ab⁴
894 1126 1059 1185 Alexandro
1089 1132 1281 1185 monstratam

122 1228 297 1302 improbarit
319 1227 488 1302 Simplicius
511 1241 616 1284 eomm.
641 1226 677 1283 de
700 1223 959 1299 docleatinae,
984 1223 1279 1294 exteteriora&

121 1326 162 1387 11
179 1331 250 1400 ete)
274 1330 420 1403 explicare
441 1321 480 1390 τὸ
504 1318 581 1410 ἑξῆς
600 1323 659 1410 σῆς
682 1319 802 1400 λέξεως
823 1327 912 1400 (408,
928 1329 979 1388 22.
998 1327 1070 1400 789,
1088 1327 1129 1389 20
1145 1328 1226 1400 eto),
1250 1334 1280 1388 et

120 1431 186 1505 ipso
209 1430 336 1504 denique
359 1430 544 1504 singulorum
566 1429 777 1488 vooahulorum
793 1447 851 1488 usu
864 1421 1130 1514 (ο1.πρσοιιλίζει
1141 1428 1214 1500 409,
1227 1427 1277 1488 27.

121 1521 439 1614 περιφαντάζεσθαί
451 1550 527 1592 τινα
538 1529 612 1604 482,
623 1528 674 1591 28.
699 1521 968 1610 ἀποσεισάμενος
980 1530 1051 1604 606,
1065 1529 1094 1592 5.
1107 1515 1278 1604 σαλανίζεο
1349 1591 1351 1595 ,

120 1625 240 1697 {ducor
256 1633 391 1705 69912.
415 1623 506 1716 λήθη
527 1626 712 1711 μεσολαβεῖ
721 1630 795 1707 500,
808 1630 838 1694 3.
863 1629 1014 1707 σκιωδῶς
1036 1623 1193 1716 ἐμφαίνει
1203 1627 1276 1701 405,

119 1735 139 1797 7
156 1746 210 1797 ete.
235 1726 405 1818 σαφήνεια
417 1757 454 1786 =
468 1735 668 1810 interpretatio
684 1733 757 1807 470,
774 1734 824 1795 24.
844 1733 916 1807 522,
933 1734 983 1797 10.
1001 1733 1073 1807 574,
1090 1734 1140 1795 18.
1158 1732 1230 1804 641,
1247 1733 1276 1790 2.ι

117 1837 190 1912 718,
207 1837 248 1898 26
264 1845 319 1897 eto.
342 1836 402 1920 σῆς
425 1830 581 1911 διανοίας
602 1827 703 1919 κόρας
719 1834 791 1913 763,
807 1834 857 1896 32.
883 1827 1093 1919 Υγογύμνωιαι
1119 1832 1178 1918 τῆς
1198 1827 1279 1914 ὕλης

111 1939 192 2012 532,
209 1939 260 2001 18.
289 1929 526 2021 ἀπογύμνωσις
554 1937 620 2000 τῶν
641 1929 745 2000 -ελδιῦν
766 1935 839 2011 430,
856 1937 906 1999 19.
923 1937 996 2012 431,
1012 1938 1041 2001 8.
1071 1926 1278 2018 ὀνειρώττειν

115 2037 177 2125 τὴν
195 2034 277 2122 ὕλην
299 2039 439 2114 64612.
464 2033 700 2123 ἀποκλήρωσις
710 2039 784 2112 445,
802 2039 852 2099 12.
870 2040 942 2115 705,
954 2041 984 2114 7.
1009 2040 1133 2123 σμῆνος
1155 2024 1278 2109 οὐσιῶν
1377 2024 1379 2027 ’

118 2136 335 2216 49616-ιό
366 2142 456 2220 χῦμα
487 2142 552 2202 σῶν
586 2131 779 2222 ἀνθρώπων
801 2138 873 2212 665,
890 2139 940 2201 13.
969 2140 1100 2214 67812
1121 2149 1177 2199 eto.
1195 2140 1276 2210 eto),

118 2274 161 2288 -··
171 2244 317 2319 Ephesius
341 2244 430 2316 igitur
441 2245 598 2302 Alexandri
613 2242 856 2301 commentarium
869 2249 897 2299 et
908 2242 1118 2316 interpretandi
1130 2241 1277 2317 rationem
1324 2263 1326 2265 ·

82 2364 85 2369 ·
116 2347 352 2422 propteripsam
377 2346 439 2402 soil.
475 2342 795 2419 propriaminsoitiam
824 2343 861 2400 ita
890 2342 1019 2409 imitatus
1046 2351 1092 2400 est
1120 2350 1152 2400 ut
1179 2343 1275 2415 ipsum

39 2449 42 2455 '
116 2465 205 2523 quem
227 2448 354 2505 maxime
377 2448 536 2506 admiratur
552 2443 639 2517 (507,
656 2441 712 2514 30)
737 2452 888 2509 auctorem
909 2460 969 2503 non
992 2430 1121 2502 iudicare
1141 2445 1187 2502 vel
1202 2442 1276 2500 adeo

117 2560 149 2609 nt
172 2550 315 2625 Syrianus
343 2556 371 2606 et
393 2547 547 2622 Asclepius
575 2549 702 2606 refutare
737 2548 809 2619 (nisi
834 2548 914 2620 quod
930 2543 1059 2619 64316
1084 2546 1156 2623 satis
1178 2545 1276 2622 inepte

116 2653 266 2711 Platonem
282 2650 421 2708 defendit
445 2650 533 2708 simul
556 2657 585 2707 et
607 2650 804 2720 Aristotelem,
828 2649 863 2706 ol'.
888 2649 926 2705 de
947 2648 1028 2720 Pyth.
1046 2645 1118 2718 644,
1135 2647 1170 2704 t:
1194 2645 1277 2703 aliter

113 2756 193 2814 enirn
216 2769 304 2812 verus
329 2768 373 2824 ap.
397 2752 497 2809 Averr.
521 2751 602 2808 Alex.
619 2767 648 2823 p.
661 2746 775 2821 293111)
800 2751 853 2807 sed
876 2748 1021 2820 explicare
1045 2748 1161 2805 studeat
1185 2745 1276 2816 idque

116 2857 162 2933 vel
186 2855 216 2913 in
240 2854 314 2911 lihro
338 2843 364 2910 λ’
389 2861 418 2910 et
441 2854 563 2911 deorum
590 2853 749 2929 multorum
776 2850 1043 2922 demonstratione,
1078 2864 1165 2931 quam
1189 2845 1275 2904 taeito

118 2955 206 3030 puasi
229 2968 379 3012 consensu
399 2952 532 3025 probavit
555 2951 743 3017 christianus,
760 2948 975 3024 0169731)
1002 2967 1061 3011 uon
1090 2950 1211 3023 ignarus
1233 2961 1273 3004 su.

119 3055 251 3130 dionysii
272 3061 301 3112 et
324 3054 376 3126 qui
395 3054 484 3113 huius
508 3061 577 3112 sunt
598 3052 693 3115 θεῖσι
714 3042 788 3126 νόες
811 3053 863 3125 (of.
879 3054 986 3127 Ephes.
1012 3041 1045 3113 oi
1059 3042 1210 3131 dariaeque
1224 3047 1278 3108 νοῖ

115 3150 254 3230 773,16.
280 3157 315 3216 of.
333 3154 405 3230 682,
422 3155 487 3229 12).
534 3156 599 3225 Quo
622 3157 654 3215 iit
675 3165 708 3215 ut
729 3157 778 3214 vix
800 3171 836 3214 ex
859 3155 985 3229 siugulis
1008 3155 1185 3228 quibusdam
1200 3151 1273 3209 loeis

116 3263 207 3334 (quos
231 3265 353 3318 cunctos
376 3258 494 3332 collegit
505 3259 606 3318 Bonita
630 3278 659 3333 p.
676 3255 726 3316 26.
750 3259 824 3316 adde
840 3254 977 3328 77316.
995 3253 1124 3326 6341),
1148 3252 1274 3309 maxime

98 3378 184 3421 ¹vero
207 3361 258 3421 uhi
281 3360 454 3434 explicatius
478 3360 536 3436 egit
558 3368 587 3418 et
609 3359 730 3418 uberius
752 3376 781 3432 p.
798 3355 871 3428 682,
886 3353 906 3415 3
919 3373 984 3429 sqq.
1009 3356 1059 3428 (ef.
1084 3359 1144 3427 pot.
1156 3348 1271 3410 a-ta

116 3463 166 3521 22.
183 3460 325 3532 25-27,
359 3461 410 3518 ubi
439 3454 626 3543 ἐπιστροφὴ
655 3462 702 3517 illa
731 3467 760 3517 et
788 3447 1003 3536 ἀγαθσδσσία
1029 3455 1165 3537 Proolum
1187 3451 1283 3524 plano

88 3562 92 3565 ⁴
117 3565 201 3637 sapit,
225 3564 261 3619 el.
286 3577 311 3618 e.
335 3577 377 3632 gr.
402 3562 502 3618 Theoi.
525 3562 566 3618 Pl.
588 3578 618 3632 p.
635 3557 685 3618 95.
703 3555 753 3618 93.
778 3558 896 3633 Dionys.
921 3575 949 3631 p.
967 3551 1115 3620 355-r58
1134 3555 1183 3613 ed.
1200 3553 1271 3611 Veu,
1388 3585 1390 3589 .

117 3662 216 3736 1755)
240 3670 269 3721 et
287 3646 318 3735 p.
335 3658 407 3721 800>
421 3661 472 3733 (ol.
497 3661 609 3735 Syrian.
626 3678 654 3735 p.
671 3659 734 3720 114
746 3660 832 3734 Bag.)
854 3667 1003 3719 arretoronr
1027 3671 1171 3732 agnoscas
1196 3656 1273 3725 lieo-

116 3758 261 3840 platonioa
290 3770 382 3824 aetate
410 3764 603 3838 posteriorem
628 3764 678 3835 (ol.
703 3763 805 3822 Bonita
829 3764 847 3820 l.
872 3765 914 3835 o.)
929 3829 931 3832 y
948 3770 977 3819 et
1000 3759 1106 3819 studii-s
1128 3757 1185 3821 illis
1209 3755 1273 3816 Aria

117 3867 266 3927 stotelieae
295 3864 382 3922 simul
416 3865 621 3938 philosophiae
648 3873 677 3923 et
698 3866 792 3922 Prooli
816 3864 980 3923 Platonicae
1007 3869 1075 3935 post
1093 3863 1272 3933 exstinctum

119 3968 324 4027 hellenismum
347 3965 404 4023 iam
427 3969 504 4024 inter
526 3967 609 4040 ipsos
633 3981 691 4024 seo.
715 3965 751 4023 Vl
774 3965 954 4024 Christianos
976 3963 1115 4040 resumtis
1131 3963 1272 4035 falsisque

118 4070 249 4144 Dionysii
272 4068 463 4141 Areopagitae
489 4068 572 4127 libris
599 4069 752 4126 imbutum.
801 4069 916 4141 integro
943 4065 1100 4125 Alexandri
1121 4054 1150 4123 in
1174 4071 1273 4139 poste-

120 4174 214 4232 riores
236 4171 396 4243 lletaphys.
416 4171 516 4228 libros
544 4169 752 4228 commentario
780 4185 853 4231 usus
877 4175 923 4227 est
945 4168 1101 4242 syrianus,
1136 4165 1185 4238 quii
1208 4164 1272 4221 Ari·

120 4274 234 4333 stotelis
256 4278 385 4329 mentem
408 4272 571 4331 seeundum
594 4270 790 4330 Alexandrum
816 4270 943 4344 primum
966 4267 1086 4342 exponit
1107 4266 1213 4323 deinde
1237 4281 1272 4322 ex

123 4393 177 4434 suo
205 4376 311 4432 rel'utat
339 4388 446 4430 nomen
471 4372 592 4445 nitidem
617 4373 772 4432 Alexandri
805 4387 877 4437 raro
899 4379 928 4430 et
954 4385 1020 4428 oum
1046 4367 1148 4441 paucis
1175 4365 1273 4424 verbis
