2954 5034
627 348 694 442 xta

96 523 290 585 lamblichnm
320 521 514 594 pertinentem
543 525 639 591 atquc
659 519 688 576 in
717 517 910 578 Christianam
938 501 1253 592 Bnddhisticatnque')

97 620 609 703 similitudinemimitationemque
639 619 797 678 abeuntem
829 651 870 660 —-
902 621 932 679 in
966 618 1041 676 hanc
1073 617 1161 690 igitur
1187 615 1253 674 illn÷

97 726 246 784 strandam
270 736 346 784 nora
368 730 436 795 post
457 721 646 780 Meinersinm
668 722 759 778 multa
781 721 932 779 arbitrario
956 721 1113 792 tingentem
1130 716 1253 775 fontium

96 827 250 900 Porphyrii
272 833 301 885 et
320 824 474 883 lamblichi
495 821 671 881 recensione
694 834 770 892 opus
793 826 846 878 est.

183 929 225 984 lta
249 926 309 983 iarn
323 987 325 989 .
341 924 452 983 omnisv
471 925 532 987 lere
566 922 687 981 historia
715 921 943 994 Pythagoreismi
977 922 1006 982 in
1038 918 1253 993 cognoscendis

98 1028 315 1088 Platonicorum
348 1025 454 1085 studiis
488 1025 584 1099 posita
616 1030 663 1080 est
696 1029 725 1080 et
757 1021 970 1087 mathematicis
1001 1027 1033 1079 et
1068 1019 1253 1091 theologicis,

100 1129 208 1202 quihus
231 1128 339 1184 tartum
360 1133 407 1184 est
428 1132 460 1184 ut
473 1126 586 1198 posteri
600 1122 778 1182 Aristotehoi
793 1123 894 1182 indicii
909 1121 1080 1182 auctorita-te
1096 1119 1262 1179 coemento·

99 1244 175 1302 qnae
198 1228 345 1288 Platonica
369 1208 438 1285 sunt
461 1226 559 1284 ornnia
579 1227 642 1284 iere
654 1243 672 1284 a
688 1226 808 1284 Platone
823 1224 1003 1299 Pythagoreo
1020 1221 1082 1308 (ιιι
1096 1220 1161 1278 Met
1176 1217 1205 1288 1,
1218 1217 1253 1290 6)

99 1330 256 1402 adipsum
280 1330 424 1387 referrent
445 1327 648 1401 Pythagoram,
672 1325 834 1391 confirmati
858 1324 977 1396 quidem
999 1324 1028 1380 in
1044 1323 1100 1380 hac
1115 1320 1254 1393 opinione

32 1438 35 1439 ’
96 1418 217 1487 morum
243 1429 413 1502 ingeniique
441 1445 508 1486 cnm
528 1428 704 1503 ‘Pythagora
719 1424 896 1498 Empedocle
918 1455 961 1465 -
982 1423 1183 1495 nonrqnidem
1205 1421 1256 1479 illa

68 1600 70 1602 a
96 1533 185 1604 quod,
202 1532 288 1588 docet
310 1530 471 1588 Heraclitus
500 1545 621 1598 severus
648 1536 678 1586 et
700 1527 842 1601 mysticas
865 1525 967 1583 Dorica
990 1555 1031 1566 -
1054 1502 1253 1584 similitudine

99 1633 152 1690 Est
172 1632 253 1696 eninr
276 1632 321 1687 vel
344 1630 512 1688 dialceticac
535 1631 663 1689 Platonis
686 1629 802 1687 initium
825 1633 854 1683 et
875 1621 1254 1697 sinistamquamrhetoris

95 1733 215 1791 ethicas
238 1738 267 1788 et
288 1712 515 1804 paedagogious
534 1739 584 1788 est
606 1731 703 1789 omnis
731 1730 757 1787 ei
780 1728 965 1801 philosophia
990 1725 1141 1798 religionis
1163 1725 1256 1786 instar

95 1852 158 1908 qna
180 1834 288 1892 men-tis
310 1834 340 1890 in
363 1833 535 1890 universum
551 1835 698 1896 mundum
724 1838 873 1903 tamquam
889 1827 1050 1886 ‘cniusdam
1072 1824 1180 1884 summi
1205 1825 1254 1882 ¹clei

97 1935 223 2008 imperio
257 1935 373 2004 cognito
402 1933 554 1991 hominnm
587 1935 673 2006 etiarn
706 1932 836 1989 actiones
868 1928 1081 1986 devinciuntur
1129 1928 1170 1984 Ex
1198 1943 1254 1999 qna

97 2037 198 2094 iudom
221 2034 370 2096 doctrinae
392 2036 558 2093 Platonicae
581 2036 659 2107 apud
681 2032 846 2090 Platonicos
868 2031 995 2104 primum
1017 2037 1084 2106 nata
1106 2035 1153 2087 est
1172 2029 1256 2085 theo-

96 2136 196 2208 logiae
230 2135 400 2206 disciplina-
416 2151 476 2193 non
515 2135 635 2207 qnidam
666 2133 890 2205 superstitiosae
922 2131 1075 2203 -quod
1108 2137 1141 2187 ut
1173 2129 1256 2187 abest

98 2251 118 2291 a
144 2235 309 2291 Xenocrate
341 2234 460 2295 homine
493 2233 590 2304 logico
623 2235 659 2290 ah
693 2233 857 2303 ineptarum
890 2230 1065 2302 religionum
1081 2286 1082 2289 ,
1097 2230 1255 2304 opprobrio

102 2333 228 2391 maxime
251 2340 364 2418 remoto
386 2332 430 2390 ita
448 2332 484 2390 de
507 2332 659 2399 Heraclide
682 2331 802 2389 Pontico
826 2345 947 2404 quoqne
966 2338 1149 2388 narratorum
1166 2332 1208 2388 ah
1221 2345 1255 2387 co

100 2434 281 2508 argumentis
299 2435 378 2493 male
400 2440 476 2491 usus
497 2433 621 2498 incante¹
641 2432 751 2491 iudicat
769 2432 895 2491 Krische
918 2433 1052 2504 (Forsch.
1077 2433 1097 2502 l,
1113 2428 1192 2503 330)
1214 2458 1257 2485 -,

102 2537 157 2594 sed
179 2550 262 2593 mere
282 2534 452 2604 historicae,
481 2533 625 2606 cuiusque
653 2534 722 2592 iude
738 2550 761 2592 a
783 2535 946 2592 Xenocrate
969 2533 1135 2607 Stoicisqne
1161 2548 1256 2607 usqne

103 2638 138 2699 ad
156 2636 383 2715 *recentissimos
400 2635 570 2694 Platonicos
592 2636 719 2710 insignis
740 2635 770 2693 in
793 2636 979 2708 philosophia
995 2637 1078 2692 locus
1094 2642 1139 2692 est
1153 2641 1256 2693 anctus

100 2737 228 2806 maxime
260 2736 463 2810 philosophiae
496 2736 646 2795 orientalis
678 2750 753 2809 qnae
781 2735 973 2807 religionibus
1003 2742 1065 2797 tota
1091 2731 1258 2793 continetur

19 2902 22 2903 a
99 2839 217 2897 notitia·
232 2846 261 2896 et
288 2855 355 2897 cum
383 2837 564 2896 arithmetica
594 2851 711 2908 semper
732 2835 908 2893 coniunctus
932 2836 993 2907 (vol
1010 2839 1093 2909 apud
1117 2837 1256 2908 Stoicos).

96 2938 181 3006 Quiri
204 2939 282 3012 qnod
306 2939 351 2996 vcl
374 2944 478 3007 cuncta
488 2938 603 2995 ‘Graeca
619 2936 804 3010 philosophia
819 2935 912 2994 finivit
926 2937 957 2995 in
973 2938 1150 2996 Platonicam
1161 2938 1256 2996 Procli

103 3039 292 3112 Theologiam
311 3039 362 3098 ¹cni
384 3045 452 3113 post
474 3020 633 3111 Orpheum*
651 3037 765 3111 primus
788 3038 966 3112 Pythagoras
992 3040 1149 3113 theologus
1176 3037 1257 3096 Plato

103 3143 256 3223 secundus·
275 3148 323 3198 est·
342 3141 378 3212 (l,
394 3156 422 3213 p.
439 3136 506 3212 13),
531 3141 567 3198 de
590 3154 649 3213 quo
672 3139 790 3199 homine
812 3139 1059 3215 ingeniosissimo>
1075 3147 1104 3196 et
1126 3141 1257 3197 atheni-

98 3258 208 3321 gorum
237 3256 330 3315 grege
362 3241 450 3313 plane
483 3240 600 3299 diverso
634 3242 680 3312 (id
707 3243 786 3315 quod
820 3241 884 3314 ipse
918 3241 1069 3314 significat,
1088 3241 1187 3298 Theol.
1205 3240 1256 3313 lV,

116 3495 119 3501 ⁷
161 3485 200 3574 ¹¹)
222 3511 384 3573 Cljhpollon.
414 3524 451 3570 ap.
470 3509 554 3555 Jamhl.
574 3517 597 3556 ot
616 3511 691 3570 ipsum
711 3481 817 3570 Apollon.
839 3489 1018 3554 Philostratonm
1038 3482 1130 3568 ‹le—qno
1158 3521 1177 3552 v.
1197 3505 1258 3555 Banu

102 3611 125 3659 p.
139 3594 190 3646 tot
203 3611 256 3656 sqq.
285 3592 404 3640 'Buddhae
423 3591 506 3639 notitia
525 3591 600 3652 prima
619 3601 655 3640 est
674 3591 742 3656 apud'
756 3591 828 3641 Clam.
848 3591 910 3638 Alex.
930 3591 979 3642 305
1000 3591 1063 3654 Splh.
1090 3589 1119 3641 cl.
1137 3599 1258 3654 practerea

104 3680 208 3732 Philonis
231 3680 402 3742 Therapeutas3
429 3676 579 3725 Weber‘lnd.
600 3678 694 3727 hrt-ti.
714 3678 774 3729 ⁶266.
811 3677 939 3726 Alieniores
964 3686 1042 3727 tamen
1064 3677 1157 3725 ab'hac
1176 3677 1257 3726 simili-

104 3767 185 3822 tudine
207 3766 231 3814 in
250 3766 311 3814 ritae
333 3763 408 3827 ipsius
429 3770 454 3811 et
475 3761 574 3812 docendi
598 3764 689 3813 ratione
712 3765 760 3814 irre
775 3764 859 3828 posita
875 3793 913 3802 -
936 3763 965 3813 ri.
985 3766 1073 3828 Lassora
1092 3764 1142 3812 lnd.
1163 3765 1207 3814 hit.
1227 3765 1257 3826 tl,

105 3854 137 3906 lo
151 3868 188 3916 sq.
208 3851 237 3901 ci.
253 3851 294 3902 ll.
308 3851 359 3902 llo
369 3857 414 3900 cto.
434 3876 468 3887 -—-
487 3850 652 3906 Gnosticorum
664 3851 721 3921 mihi
735 3859 759 3900 et
771 3851 960 3902 Manichaeorum
972 3851 1126 3915 theosophiae
1138 3851 1257 3911 ridentum

104 3948 185 4007 contra
204 3939 264 3988 Baur
283 3937 382 3986 Manich.
401 3937 450 3985 llel.
471 3936 521 3987 433
531 3952 584 4001 sqq.
604 3938 699 4002 aliique.
730 3937 858 3987 *talaicum
876 3938 967 3989 iontem
979 3939 1041 4004 sapit
1054 3938 1144 3987 numeri
1158 3937 1258 4003 quadra-

98 4028 168 4089 ginta
194 4040 251 4073 usus
279 4022 400 4072 fabulosus
430 4023 513 4100 Porph.
532 4040 551 4072 v.
572 4026 595 4072 P.
617 4026 711 4076 5667
737 4025 871 4091 Dicaearch
899 4026 961 4094 apud
979 4026 1006 4074 l).
1022 4027 1047 4074 L.
1062 4025 1087 4086 8,
1101 4024 1133 4074 lo
1158 4025 1186 4072 de
1210 4038 1257 4088 qno

103 4126 201 4162 numero
222 4111 251 4160 ci.
271 4117 363 4174 practer
380 4111 439 4158 alios
459 4106 569 4158 Hammon
587 4111 638 4158 Ber.
659 4113 681 4160 d.
701 4112 775 4161 Wien.
795 4113 864 4160 head*
885 4113 922 4173 tlt,
944 4112 1002 4174 579,
1022 4106 1045 4161 et
1064 4125 1120 4160 sane
1139 4109 1185 4157 iam
1204 4109 1258 4156 inde

104 4199 133 4245 ah
151 4194 280 4246 Alexandro
299 4195 329 4243 ad
346 4197 488 4246 iudaeorum
507 4210 585 4245 moros
604 4198 792 4261 cerimoniasquc
815 4197 945 4262 peculiares
958 4199 1046 4247 ‘Gracci
1070 4198 1161 4246 animos
1178 4195 1257 4242 adrer-

104 4282 192 4330 tcrant:
225 4282 253 4331 ci,
271 4281 388 4343 rheopm.
405 4279 579 4346 caicapha.
605 4283 633 4330 tle
653 4286 754 4346 ahstp.
771 4285 834 4344 tlt,
859 4285 1014 4345 Megasthenis
1033 4284 1060 4332 ir.
1081 4284 1127 4341 lt,
1152 4280 1256 4329 Clearchi

103 4367 130 4414 fr.
150 4367 247 4416 otiare.
295 4390 296 4393 ¹
1010 4399 1012 4402 -
1265 4385 1275 4395 e
