2992 5032
682 300 749 377 ,dlii

141 470 252 537 tissima
280 479 309 529 et
335 473 371 533 ad
399 479 499 530 nostra
533 489 627 546 usque
662 475 761 532 secula
795 475 935 550 singulari
968 489 1142 552 persecutus
1171 490 1234 554 cst,
1268 493 1297 546 et

139 581 312 644 persecutus
346 580 392 629 est
425 574 563 635 continua
598 575 770 648 scriptione,
805 578 835 638 id
873 582 952 653 quod
986 598 1075 653 quum
1110 573 1206 656 terret
1231 584 1296 657 ipsa

139 665 348 756 προαίρεσις,
383 683 411 732 ct
433 676 625 749 singularium
652 677 778 749 partium
807 682 915 738 mutuis
939 684 1202 759 frequentibusque
1225 685 1295 758 cita·

139 776 267 834 tionibus
291 778 424 849 ipsisque
451 778 590 845 librorum
621 779 760 839 clausulis
783 783 997 855 coruprobatur.
1043 787 1137 859 Atque
1160 804 1235 860 quae
1258 789 1295 845 de

139 879 313 936 animalibus
337 886 426 952 agunt
448 881 527 937 zoica
541 874 631 961 (περὶ
644 876 762 964 ζωϊκῆς
775 872 919 965 φύσεως)
943 887 1048 958 scripta
1062 896 1093 945 ut
1104 889 1294 962 physicorum

139 980 268 1043 oninium
293 988 440 1054 postrema
464 989 541 1053 sunt,
565 984 604 1041 ita
626 985 672 1042 his
695 985 768 1058 ipsis
785 986 892 1058 quibus
910 987 1023 1060 pridem
1040 988 1175 1046 stabilitis
1190 990 1294 1061 logicis

139 1082 278 1151 scientiae
302 1084 567 1158 [arctophysicisque
591 1087 702 1144 entium
724 1087 876 1160 principiis
896 1105 944 1145 res
967 1089 1093 1147 arianime
1105 1089 1294 1163 particulares

139 1180 180 1256 (at
202 1191 285 1253 entes
307 1193 404 1247 tarum
428 1194 457 1244 et
479 1187 514 1244 ab
538 1189 729 1247 humanarum
753 1206 850 1247 rernm
869 1183 1122 1263 arbitrioalienas)
1141 1191 1294 1262 amplexus

138 1292 182 1355 est
204 1285 399 1359 philosophus
422 1288 452 1344 iu
476 1276 633 1370 ἀπειρίας
656 1280 780 1357 πόντον
803 1293 887 1364 quasi
904 1293 1067 1363 demersus,
1093 1293 1212 1351 orraniuo
1229 1293 1294 1350 eius

138 1393 166 1453 et
188 1387 284 1447 studia
308 1395 336 1445 et
358 1389 467 1463 scripta
489 1391 565 1458 liniri
586 1393 673 1451 credo
696 1393 773 1451 inter
793 1395 875 1468 ipsos
892 1394 1061 1453 aninralium
1077 1395 1168 1452 libros
1185 1392 1293 1466 quibus

138 1488 268 1561 nltirnam
291 1507 408 1549 ornnem
432 1492 506 1550 vitae
530 1502 641 1567 partem
663 1495 806 1584 impendit
833 1504 944 1558 uratum
972 1514 1024 1570 pra
1052 1496 1183 1556 ‚consiliis
1210 1494 1294 1552 insti-

138 1590 268 1663 tutisque
291 1601 384 1659 morte
407 1594 527 1668 abrepti.
575 1595 677 1654 Omnis
700 1597 788 1669 igitur
810 1598 1038 1673 librornmeius
1063 1598 1155 1656 series
1175 1597 1237 1667 iam
1255 1595 1294 1653 ita

138 1693 331 1758 describenda
354 1703 399 1752 est
422 1703 453 1754 ut
475 1697 577 1770 logicis
600 1698 703 1771 primis
726 1699 821 1757 irtedia
847 1701 965 1772 politica
993 1699 1171 1772 coniungant
1193 1697 1293 1755 ultima

131 1811 212 1870 ⁴quae
246 1796 339 1869 ipsam
372 1798 448 1889 entis
482 1805 614 1867 naturam
649 1809 782 1874 spectant
814 1802 934 1877 physica
969 1819 1035 1859 eum
1068 1799 1293 1874 metaphysieiS,

137 1887 219 1963 certo
245 1899 464 1972 disciplinarum
499 1901 603 1963 ordine
636 1919 783 1976 quemque
809 1903 838 1959 in
868 1903 959 1976 ipsam
988 1903 1192 1977 philosophiae
1221 1901 1294 1959 divi-

137 2001 250 2060 sionem
275 2018 310 2069 ex
334 2002 498 2061 Aristotelis
521 2011 553 2060 ut
574 2011 653 2076 patet
675 2006 810 2078 exemplo
835 2002 882 2079 (cl.
908 2007 1075 2078 etiamTop.
1089 2004 1118 2075 1,
1132 2003 1182 2067 ld.
1200 2003 1294 2063 Zeller

138 2103 166 2173 2,
183 2099 255 2161 395.
295 2119 353 2174 non
378 2104 524 2171 assentior
547 2105 700 2181 Brundisio
723 2106 810 2171 Arist.
835 2105 864 2175 l,
881 2106 958 2181 ‘lilla
993 2107 1040 2163 Ar.
1066 2107 1144 2167 caint
1168 2105 1292 2177 bletoph.

139 2200 167 2275 5,
184 2202 200 2260 l
218 2211 273 2261 etc.
297 2219 356 2260 non
379 2206 582 2279 philosophiae
610 2209 663 2264 sed
686 2207 825 2268 scientiae
848 2208 1022 2265 diuisionem
1049 2213 1078 2262 et
1100 2205 1194 2278 ipsius
1218 2200 1294 2264 δια-

139 2295 230 2377 νοίας
264 2306 373 2368 formas
407 2307 551 2370 actionem
586 2324 626 2370 sc.
663 2315 691 2367 ct
718 2314 809 2366 artem
842 2316 870 2366 et
895 2308 1111 2391 philosophiam
1140 2302 1294 2382 spectavit)

87 2440 92 2450 ·
136 2416 287 2467 verterunt
310 2408 399 2467 Stoici
424 2409 471 2485 (cl.
489 2410 520 2466 D.
539 2410 569 2467 L.
588 2406 617 2482 7,
634 2409 676 2468 to
692 2417 745 2468 etc.
769 2411 862 2467 Ritter
877 2407 906 2482 3,
924 2407 985 2471 519
999 2407 1087 2484 sqq).

198 2574 200 2578 ,
220 2511 281 2585 iam
295 2526 363 2572 vero
376 2511 548 2583 gravissima
564 2512 643 2569 subit
655 2513 798 2584 quaestio,
819 2529 880 2585 quo
894 2513 1011 2571 tolidem
1023 2519 1154 2584 tempore
1168 2510 1294 2587 scriptas

135 2629 204 2681 ,esse
217 2619 353 2686 putemus
364 2613 456 2674 libros
466 2615 502 2681 de
511 2596 604 2686 prima
614 2614 808 2687 philosophia.
827 2614 1087 2687 Incredibileenim
1097 2613 1295 2673 videturillud

94 2780 96 2785 ,
138 2717 217 2788 quod
240 2715 305 2788 ipso
328 2698 593 2789 bletaphysicorum
620 2714 739 2772 nominc
766 2716 868 2772 volunt
894 2722 1139 2786 commentatores
1168 2713 1228 2770 reri
1251 2729 1292 2770 se.

137 2819 193 2874 loci
221 2817 389 2881 inveniendi
424 2816 629 2889 desperatione
661 2815 754 2889 magis
789 2821 875 2888 quam
905 2815 1017 2873 ratione
1040 2815 1118 2874 ducti
1153 2813 1200 2888 (cl.
1226 2814 1292 2871 Seb.

56 2904 57 2907 ¹
138 2913 422 2989 David30,20ctc.
447 2918 558 2988 Boutta
583 2916 693 2974 Comm.
717 2935 745 2991 p.
764 2913 811 2992 5),
846 2932 897 2975 eas
925 2934 971 2975 res
1000 2918 1107 2991 quibus
1140 2917 1294 2981 universae

137 3019 277 3094 physicae
304 3026 332 3076 et
359 3017 457 3076 zoicae
485 3017 633 3090 doctrinae
666 3020 832 3079 tractandae
861 3020 1017 3077 methodus
1046 3007 1103 3093 qua
1130 3012 1295 3095 mammea

137 3121 286 3196 prioribus
310 3121 405 3179 diflert
427 3119 529 3179 nititur
551 3135 693 3194 quasque·
712 3123 799 3195 lange
822 3107 906 3191 antea
930 3130 979 3205 aut
1001 3122 1099 3196 patius
1122 3122 1296 3196 priusquam

138 3223 258 3295 omnino
281 3223 392 3296 aliquid
419 3222 528 3294 scripto
556 3223 637 3280 daret
665 3232 763 3283 mente
786 3232 865 3283 certe
889 3231 917 3282 et
939 3223 1115 3295 cogitatione
1138 3231 1295 3296 conceptas
1392 3294 1393 3298 Ἰ

138 3343 197 3384 non
225 3327 320 3408 solum
354 3326 408 3385 sed
441 3325 604 3388 elaboratas
638 3326 724 3383 etiam
758 3358 800 3366 -
831 3327 860 3387 id
889 3325 969 3398 quod
997 3324 1057 3385 lere
1084 3339 1143 3384 nan
1171 3323 1203 3381 fu
1230 3323 1294 3381 siae

135 3429 242 3499 vlitteris
265 3427 425 3493 -luisse
457 3411 691 3500 aequalibusque
725 3436 767 3505 et·
786 3427 938 3498 discipulis
966 3431 995 3484 et
1022 3424 1153 3495 cognitas
1179 3423 1238 3479 iam
1267 3429 1296 3485 et

138 3530 283 3590 admissas
306 3543 429 3599 necesse
452 3535 509 3599 est,
538 3534 600 3583 tum
628 3529 746 3585 demum
769 3527 843 3585 libra
872 3524 1020 3599 expositas
1049 3540 1117 3589 esse
1147 3517 1240 3596 quum
1264 3525 1295 3583 in

139 3629 331 3703 singularium
354 3637 475 3688 naturae
499 3644 597 3702 rerum
621 3643 724 3701 capsas
743 3618 939 3701 'inquirendas
963 3626 1060 3684 studia
1076 3626 1296 3685 eiusabiissent

139 3732 300 3799 doctrinam
328 3730 422 3805 magis
450 3745 536 3803 quam
560 3729 776 3804 philosophiam
799 3728 1016 3802 promoventia,
1044 3745 1095 3789 eas
1123 3730 1295 3803 praesertim

137 3853 186 3897 res
210 3851 285 3910 qnae
308 3842 343 3901 ut
360 3832 487 3906 primum
511 3832 694 3890 stabiliantur
717 3847 820 3890 omnes
837 3831 906 3901 lere,
929 3832 1008 3888 velut
1024 3831 1204 3889 substantiae
1220 3848 1296 3891 nova

139 3938 268 3998 delinitio
291 3938 461 4008 formaeque
488 3935 549 4001 sive
575 3936 658 4005 ideae
687 3941 715 3992 et
737 3942 833 4004 actus,
861 3933 1002 3993 acerrimo
1029 3949 1089 3993 nou
1112 3941 1170 3994 tam
1194 3941 1296 3999 contra

138 4042 289 4103 Platonem
312 4037 470 4111 certamine
493 4054 579 4112 quam
603 4044 701 4096 contra
719 4053 843 4095 coaevos
860 4035 1035 4106 Platonicos,
1059 4042 1294 4109 quarumtamen
1357 4111 1362 4117 v

140 4150 172 4200 ut
195 4141 353 4206 viventium
377 4147 405 4196 et
427 4140 587 4198 amicorum
610 4147 725 4216 praeter
747 4132 947 4214 vSpeusippum
974 4146 1044 4195 tunc
1067 4137 1123 4194 iam
1147 4143 1294 4203 mortuum

139 4243 259 4302 nomina
282 4258 340 4300 non
364 4241 455 4319 ponit,
480 4242 564 4315 quasi
588 4249 800 4318 expugnantur.
848 4241 928 4319 Quae
952 4241 976 4299 si
989 4247 1107 4315 reputas
1122 4236 1293 4312 aptissimus

140 4344 262 4413 t'orsitan
285 4343 550 4422 Metaphysicorum
577 4345 661 4403 lacus
677 4343 787 4420 vstatim
809 4351 879 4420 post
900 4343 1049 4418 analytica
1072 4355 1139 4400 esse
1162 4329 1308 4401 videatur*
