<?xml version="1.0" encoding="UTF-8"?>
<!DOCTYPE html PUBLIC "-//W3C//DTD XHTML 1.0 Transitional//EN"
    "http://www.w3.org/TR/xhtml1/DTD/xhtml1-transitional.dtd">
<html xmlns="http://www.w3.org/1999/xhtml" xml:lang="en" lang="en">
 <head>
  <title>
</title>
<meta http-equiv="Content-Type" content="text/html;charset=utf-8" />
  <meta name='ocr-system' content='tesseract 3.04.00' />
  <meta name='ocr-capabilities' content='ocr_page ocr_carea ocr_par ocr_line ocrx_word'/>
</head>
<body>
  <div class='ocr_page' id='page_1' title='image "./dearistotelisli00rosegoog_0056.png"; bbox 0 0 2954 5034; ppageno 0'>
   <div class='ocr_carea' id='block_1_1' title="bbox 645 380 685 438">
    <p class='ocr_par' dir='ltr' id='par_1_1' title="bbox 645 336 685 438">
     <span class='ocr_line' id='line_1_1' title="bbox 645 380 685 438; baseline 0.025 -1"><span class='ocrx_word' id='word_1_1' title='bbox 645 380 685 438; x_wconf 78' lang='lat' dir='ltr'>lo</span> 
     </span>
    </p>
   </div>
   <div class='ocr_carea' id='block_1_2' title="bbox 34 532 1305 3762">
    <p class='ocr_par' dir='ltr' id='par_1_2' title="bbox 34 532 1251 1645">
     <span class='ocr_line' id='line_1_2' title="bbox 88 532 1243 628; baseline 0.009 -27"><span class='ocrx_word' id='word_1_2' title='bbox 88 547 124 602; x_wconf 81' lang='lat' dir='ltr'>cl‘.</span> <span class='ocrx_word' id='word_1_3' title='bbox 148 563 172 602; x_wconf 77' lang='lat' dir='ltr'>S.</span> <span class='ocrx_word' id='word_1_4' title='bbox 197 546 360 621; x_wconf 51' lang='lat' dir='ltr'>diogenem</span> <span class='ocrx_word' id='word_1_5' title='bbox 376 547 505 621; x_wconf 69' lang='lat' dir='ltr'>Homer,</span> <span class='ocrx_word' id='word_1_6' title='bbox 529 551 701 608; x_wconf 87' lang='lat' dir='ltr'>Aristoteles</span> <span class='ocrx_word' id='word_1_7' title='bbox 725 532 817 623; x_wconf 82' lang='lat' dir='ltr'>otc),</span> <span class='ocrx_word' id='word_1_8' title='bbox 840 570 930 625; x_wconf 89' lang='lat' dir='ltr'>quum</span> <span class='ocrx_word' id='word_1_9' title='bbox 954 563 1042 627; x_wconf 89' lang='lat' dir='ltr'>porro</span> <span class='ocrx_word' id='word_1_10' title='bbox 1071 555 1142 612; x_wconf 89' lang='lat' dir='ltr'>haee</span> <span class='ocrx_word' id='word_1_11' title='bbox 1170 548 1243 628; x_wconf 82' lang='lat' dir='ltr'>quae</span> 
     </span>
     <span class='ocr_line' id='line_1_3' title="bbox 87 645 1243 731; baseline 0.008 -28"><span class='ocrx_word' id='word_1_12' title='bbox 87 645 162 731; x_wconf 83' lang='lat' dir='ltr'>inter</span> <span class='ocrx_word' id='word_1_13' title='bbox 184 663 227 706; x_wconf 55' lang='lat' dir='ltr'>se¹</span> <span class='ocrx_word' id='word_1_14' title='bbox 240 647 347 706; x_wconf 80' lang='lat' dir='ltr'>similia</span> <span class='ocrx_word' id='word_1_15' title='bbox 370 664 405 705; x_wconf 87' lang='lat' dir='ltr'>ex</span> <span class='ocrx_word' id='word_1_16' title='bbox 428 662 487 709; x_wconf 91' lang='lat' dir='ltr'>uno</span> <span class='ocrx_word' id='word_1_17' title='bbox 511 659 628 708; x_wconf 90' lang='lat' dir='ltr'>auctore</span> <span class='ocrx_word' id='word_1_18' title='bbox 645 651 750 709; x_wconf 83' lang='lat' dir='ltr'>suidas</span> <span class='ocrx_word' id='word_1_19' title='bbox 767 655 923 712; x_wconf 87' lang='lat' dir='ltr'>manifesto</span> <span class='ocrx_word' id='word_1_20' title='bbox 939 656 1057 714; x_wconf 79' lang='lat' dir='ltr'>exhibet</span> <span class='ocrx_word' id='word_1_21' title='bbox 1072 657 1243 713; x_wconf 82' lang='lat' dir='ltr'>adverbum</span> 
     </span>
     <span class='ocr_line' id='line_1_4' title="bbox 86 747 1251 834; baseline 0.006 -29"><span class='ocrx_word' id='word_1_22' title='bbox 86 749 272 807; x_wconf 74' lang='lat' dir='ltr'>consentiant</span> <span class='ocrx_word' id='word_1_23' title='bbox 294 766 362 807; x_wconf 90' lang='lat' dir='ltr'>cum</span> <span class='ocrx_word' id='word_1_24' title='bbox 385 752 530 831; x_wconf 72' lang='lat' dir='ltr'>excerptis</span> <span class='ocrx_word' id='word_1_25' title='bbox 554 752 620 809; x_wconf 90' lang='lat' dir='ltr'>illis</span> <span class='ocrx_word' id='word_1_26' title='bbox 634 753 701 810; x_wconf 86' lang='lat' dir='ltr'>licet</span> <span class='ocrx_word' id='word_1_27' title='bbox 725 759 756 827; x_wconf 85' lang='lat' dir='ltr'>et</span> <span class='ocrx_word' id='word_1_28' title='bbox 775 747 877 825; x_wconf 86' lang='lat' dir='ltr'>paucis</span> <span class='ocrx_word' id='word_1_29' title='bbox 899 765 928 814; x_wconf 91' lang='lat' dir='ltr'>et</span> <span class='ocrx_word' id='word_1_30' title='bbox 950 758 1041 814; x_wconf 87' lang='lat' dir='ltr'>muho</span> <span class='ocrx_word' id='word_1_31' title='bbox 1058 757 1251 834; x_wconf 16' lang='lat' dir='ltr'>brevioribus·</span> 
     </span>
     <span class='ocr_line' id='line_1_5' title="bbox 86 850 1243 930; baseline 0.006 -24"><span class='ocrx_word' id='word_1_32' title='bbox 86 850 151 908; x_wconf 92' lang='lat' dir='ltr'>sine</span> <span class='ocrx_word' id='word_1_33' title='bbox 174 851 253 907; x_wconf 85' lang='lat' dir='ltr'>omni</span> <span class='ocrx_word' id='word_1_34' title='bbox 277 852 389 909; x_wconf 90' lang='lat' dir='ltr'>ratione</span> <span class='ocrx_word' id='word_1_35' title='bbox 413 859 441 910; x_wconf 89' lang='lat' dir='ltr'>et</span> <span class='ocrx_word' id='word_1_36' title='bbox 461 852 587 911; x_wconf 85' lang='lat' dir='ltr'>consilio</span> <span class='ocrx_word' id='word_1_37' title='bbox 611 870 646 912; x_wconf 85' lang='lat' dir='ltr'>ex</span> <span class='ocrx_word' id='word_1_38' title='bbox 670 856 773 915; x_wconf 90' lang='lat' dir='ltr'>eodem</span> <span class='ocrx_word' id='word_1_39' title='bbox 797 852 887 926; x_wconf 88' lang='lat' dir='ltr'>quem</span> <span class='ocrx_word' id='word_1_40' title='bbox 908 854 1096 929; x_wconf 77' lang='lat' dir='ltr'>integriorem</span> <span class='ocrx_word' id='word_1_41' title='bbox 1119 857 1243 930; x_wconf 87' lang='lat' dir='ltr'>servavit</span> 
     </span>
     <span class='ocr_line' id='line_1_6' title="bbox 34 945 1242 1033; baseline 0.003 -24"><span class='ocrx_word' id='word_1_42' title='bbox 34 1028 36 1030; x_wconf 12' lang='lat' dir='ltr'>v</span> <span class='ocrx_word' id='word_1_43' title='bbox 87 951 194 1010; x_wconf 87' lang='lat' dir='ltr'>Suidas</span> <span class='ocrx_word' id='word_1_44' title='bbox 220 952 374 1024; x_wconf 51' lang='lat' dir='ltr'>scriptore¹</span> <span class='ocrx_word' id='word_1_45' title='bbox 391 954 474 1011; x_wconf 85' lang='lat' dir='ltr'>laetis</span> <span class='ocrx_word' id='word_1_46' title='bbox 503 962 532 1012; x_wconf 89' lang='lat' dir='ltr'>et</span> <span class='ocrx_word' id='word_1_47' title='bbox 559 955 745 1033; x_wconf 5' lang='lat' dir='ltr'>ita‘qquidem</span> <span class='ocrx_word' id='word_1_48' title='bbox 773 955 856 1012; x_wconf 90' lang='lat' dir='ltr'>laetis</span> <span class='ocrx_word' id='word_1_49' title='bbox 883 945 925 1013; x_wconf 81' lang='lat' dir='ltr'>ut</span> <span class='ocrx_word' id='word_1_50' title='bbox 942 963 1044 1014; x_wconf 88' lang='lat' dir='ltr'>auctor</span> <span class='ocrx_word' id='word_1_51' title='bbox 1069 974 1124 1029; x_wconf 93' lang='lat' dir='ltr'>pro</span> <span class='ocrx_word' id='word_1_52' title='bbox 1150 958 1242 1014; x_wconf 89' lang='lat' dir='ltr'>luhito</span> 
     </span>
     <span class='ocr_line' id='line_1_7' title="bbox 86 1053 1243 1132; baseline 0.003 -22"><span class='ocrx_word' id='word_1_53' title='bbox 86 1055 132 1110; x_wconf 89' lang='lat' dir='ltr'>vel</span> <span class='ocrx_word' id='word_1_54' title='bbox 155 1053 362 1127; x_wconf 91' lang='lat' dir='ltr'>ipsumquem</span> <span class='ocrx_word' id='word_1_55' title='bbox 385 1055 414 1111; x_wconf 92' lang='lat' dir='ltr'>in</span> <span class='ocrx_word' id='word_1_56' title='bbox 439 1055 484 1112; x_wconf 90' lang='lat' dir='ltr'>his</span> <span class='ocrx_word' id='word_1_57' title='bbox 507 1069 668 1129; x_wconf 83' lang='lat' dir='ltr'>numquam</span> <span class='ocrx_word' id='word_1_58' title='bbox 691 1058 797 1114; x_wconf 86' lang='lat' dir='ltr'>Suidas</span> <span class='ocrx_word' id='word_1_59' title='bbox 820 1057 951 1114; x_wconf 90' lang='lat' dir='ltr'>nominat</span> <span class='ocrx_word' id='word_1_60' title='bbox 973 1055 1132 1132; x_wconf 85' lang='lat' dir='ltr'>Diogenem</span> <span class='ocrx_word' id='word_1_61' title='bbox 1155 1059 1243 1116; x_wconf 90' lang='lat' dir='ltr'>Lacr-</span> 
     </span>
     <span class='ocr_line' id='line_1_8' title="bbox 85 1154 1242 1231; baseline 0.003 -21"><span class='ocrx_word' id='word_1_62' title='bbox 85 1154 159 1211; x_wconf 90' lang='lat' dir='ltr'>tium</span> <span class='ocrx_word' id='word_1_63' title='bbox 182 1155 238 1212; x_wconf 88' lang='lat' dir='ltr'>sub</span> <span class='ocrx_word' id='word_1_64' title='bbox 261 1171 287 1211; x_wconf 85' lang='lat' dir='ltr'>v.</span> <span class='ocrx_word' id='word_1_65' title='bbox 310 1155 499 1214; x_wconf 82' lang='lat' dir='ltr'>Antisthenes</span> <span class='ocrx_word' id='word_1_66' title='bbox 527 1157 646 1214; x_wconf 88' lang='lat' dir='ltr'>citatum</span> <span class='ocrx_word' id='word_1_67' title='bbox 673 1158 816 1217; x_wconf 89' lang='lat' dir='ltr'>adhibens</span> <span class='ocrx_word' id='word_1_68' title='bbox 843 1159 949 1231; x_wconf 87' lang='lat' dir='ltr'>longos</span> <span class='ocrx_word' id='word_1_69' title='bbox 978 1174 1014 1216; x_wconf 83' lang='lat' dir='ltr'>ex</span> <span class='ocrx_word' id='word_1_70' title='bbox 1043 1174 1078 1216; x_wconf 91' lang='lat' dir='ltr'>eo</span> <span class='ocrx_word' id='word_1_71' title='bbox 1100 1159 1183 1215; x_wconf 89' lang='lat' dir='ltr'>locos</span> <span class='ocrx_word' id='word_1_72' title='bbox 1206 1160 1242 1215; x_wconf 89' lang='lat' dir='ltr'>de</span> 
     </span>
     <span class='ocr_line' id='line_1_9' title="bbox 85 1246 1240 1331; baseline 0.003 -19"><span class='ocrx_word' id='word_1_73' title='bbox 85 1246 328 1329; x_wconf 84' lang='lat' dir='ltr'>philosophorum</span> <span class='ocrx_word' id='word_1_74' title='bbox 366 1257 499 1315; x_wconf 91' lang='lat' dir='ltr'>doctrina</span> <span class='ocrx_word' id='word_1_75' title='bbox 535 1252 587 1330; x_wconf 82' lang='lat' dir='ltr'>(el.</span> <span class='ocrx_word' id='word_1_76' title='bbox 612 1276 636 1316; x_wconf 83' lang='lat' dir='ltr'>s</span> <span class='ocrx_word' id='word_1_77' title='bbox 661 1259 795 1330; x_wconf 86' lang='lat' dir='ltr'>Aristot,</span> <span class='ocrx_word' id='word_1_78' title='bbox 829 1259 1032 1331; x_wconf 82' lang='lat' dir='ltr'>Antisthenes,</span> <span class='ocrx_word' id='word_1_79' title='bbox 1066 1258 1240 1327; x_wconf 87' lang='lat' dir='ltr'>Heraclitus,</span> 
     </span>
     <span class='ocr_line' id='line_1_10' title="bbox 85 1356 1240 1441; baseline 0.002 -27"><span class='ocrx_word' id='word_1_80' title='bbox 85 1357 262 1430; x_wconf 77' lang='lat' dir='ltr'>Leucippus,</span> <span class='ocrx_word' id='word_1_81' title='bbox 275 1356 487 1431; x_wconf 84' lang='lat' dir='ltr'>Xenophanes)</span> <span class='ocrx_word' id='word_1_82' title='bbox 504 1361 614 1418; x_wconf 86' lang='lat' dir='ltr'>notulis</span> <span class='ocrx_word' id='word_1_83' title='bbox 627 1361 776 1419; x_wconf 80' lang='lat' dir='ltr'>historicis</span> <span class='ocrx_word' id='word_1_84' title='bbox 788 1361 985 1432; x_wconf 79' lang='lat' dir='ltr'>intersereret,</span> <span class='ocrx_word' id='word_1_85' title='bbox 1009 1377 1099 1441; x_wconf 90' lang='lat' dir='ltr'>quum</span> <span class='ocrx_word' id='word_1_86' title='bbox 1113 1360 1240 1432; x_wconf 90' lang='lat' dir='ltr'>denique</span> 
     </span>
     <span class='ocr_line' id='line_1_11' title="bbox 86 1442 1237 1534; baseline 0.001 -18"><span class='ocrx_word' id='word_1_87' title='bbox 86 1446 159 1516; x_wconf 85' lang='lat' dir='ltr'>haec</span> <span class='ocrx_word' id='word_1_88' title='bbox 181 1466 317 1532; x_wconf 86' lang='lat' dir='ltr'>excerpta</span> <span class='ocrx_word' id='word_1_89' title='bbox 339 1459 476 1534; x_wconf 85' lang='lat' dir='ltr'>Hesychii</span> <span class='ocrx_word' id='word_1_90' title='bbox 499 1474 608 1519; x_wconf 90' lang='lat' dir='ltr'>nomen</span> <span class='ocrx_word' id='word_1_91' title='bbox 630 1450 699 1533; x_wconf 90' lang='lat' dir='ltr'>prae</span> <span class='ocrx_word' id='word_1_92' title='bbox 723 1476 756 1519; x_wconf 88' lang='lat' dir='ltr'>se</span> <span class='ocrx_word' id='word_1_93' title='bbox 779 1463 881 1532; x_wconf 86' lang='lat' dir='ltr'>lerant,</span> <span class='ocrx_word' id='word_1_94' title='bbox 905 1462 969 1534; x_wconf 91' lang='lat' dir='ltr'>ipsc</span> <span class='ocrx_word' id='word_1_95' title='bbox 992 1476 1061 1519; x_wconf 88' lang='lat' dir='ltr'>vero</span> <span class='ocrx_word' id='word_1_96' title='bbox 1085 1461 1191 1519; x_wconf 86' lang='lat' dir='ltr'>Suidas</span> <span class='ocrx_word' id='word_1_97' title='bbox 1207 1442 1237 1517; x_wconf 84' lang='lat' dir='ltr'>s.</span> 
     </span>
     <span class='ocr_line' id='line_1_12' title="bbox 84 1554 1225 1645; baseline 0.001 -27"><span class='ocrx_word' id='word_1_98' title='bbox 84 1561 209 1636; x_wconf 75' lang='lat' dir='ltr'>Hesyeh.</span> <span class='ocrx_word' id='word_1_99' title='bbox 234 1557 320 1619; x_wconf 85' lang='lat' dir='ltr'>eloris</span> <span class='ocrx_word' id='word_1_100' title='bbox 342 1561 440 1620; x_wconf 85' lang='lat' dir='ltr'>verbis</span> <span class='ocrx_word' id='word_1_101' title='bbox 463 1561 539 1619; x_wconf 85' lang='lat' dir='ltr'>dicat</span> <span class='ocrx_word' id='word_1_102' title='bbox 562 1579 629 1620; x_wconf 90' lang='lat' dir='ltr'>esse</span> <span class='ocrx_word' id='word_1_103' title='bbox 653 1554 753 1620; x_wconf 87' lang='lat' dir='ltr'>suum</span> <span class='ocrx_word' id='word_1_104' title='bbox 768 1561 862 1635; x_wconf 90' lang='lat' dir='ltr'>ipsius</span> <span class='ocrx_word' id='word_1_105' title='bbox 891 1578 970 1645; x_wconf 88' lang='lat' dir='ltr'>opus</span> <span class='ocrx_word' id='word_1_106' title='bbox 988 1558 1124 1636; x_wconf 82' lang='lat' dir='ltr'>Hesychii</span> <span class='ocrx_word' id='word_1_107' title='bbox 1147 1554 1225 1635; x_wconf 83' lang='lat' dir='ltr'>epito</span> 
     </span>
    </p>

    <p class='ocr_par' dir='ltr' id='par_1_3' title="bbox 51 1650 1305 3762">
     <span class='ocr_line' id='line_1_13' title="bbox 84 1650 1239 1746; baseline 0.005 -27"><span class='ocrx_word' id='word_1_108' title='bbox 84 1662 151 1720; x_wconf 89' lang='lat' dir='ltr'>men</span> <span class='ocrx_word' id='word_1_109' title='bbox 175 1695 216 1702; x_wconf 89' lang='lat'>—-</span> <span class='ocrx_word' id='word_1_110' title='bbox 239 1666 311 1720; x_wconf 88' lang='lat' dir='ltr'>uam</span> <span class='ocrx_word' id='word_1_111' title='bbox 330 1650 625 1737; x_wconf 85' lang='lat' dir='ltr'>Pseudohesyehiana</span> <span class='ocrx_word' id='word_1_112' title='bbox 648 1664 696 1720; x_wconf 91' lang='lat' dir='ltr'>illa</span> <span class='ocrx_word' id='word_1_113' title='bbox 711 1664 842 1722; x_wconf 92' lang='lat' dir='ltr'>nondum</span> <span class='ocrx_word' id='word_1_114' title='bbox 857 1663 973 1746; x_wconf 86' lang='lat' dir='ltr'>cognita</span> <span class='ocrx_word' id='word_1_115' title='bbox 988 1666 1128 1725; x_wconf 90' lang='lat' dir='ltr'>hahuisse</span> <span class='ocrx_word' id='word_1_116' title='bbox 1143 1683 1239 1740; x_wconf 91' lang='lat' dir='ltr'>neque</span> 
     </span>
     <span class='ocr_line' id='line_1_14' title="bbox 83 1747 1239 1842; baseline 0.005 -23"><span class='ocrx_word' id='word_1_117' title='bbox 83 1763 203 1820; x_wconf 87' lang='lat' dir='ltr'>Suidam</span> <span class='ocrx_word' id='word_1_118' title='bbox 237 1763 347 1836; x_wconf 86' lang='lat' dir='ltr'>neque</span> <span class='ocrx_word' id='word_1_119' title='bbox 363 1763 523 1822; x_wconf 85' lang='lat' dir='ltr'>Eudoeiam</span> <span class='ocrx_word' id='word_1_120' title='bbox 549 1764 641 1822; x_wconf 86' lang='lat' dir='ltr'>cuivis</span> <span class='ocrx_word' id='word_1_121' title='bbox 670 1755 850 1837; x_wconf 81' lang='lat' dir='ltr'>comparanti</span> <span class='ocrx_word' id='word_1_122' title='bbox 869 1747 956 1837; x_wconf 54' lang='lat' dir='ltr'>¹patet</span> <span class='ocrx_word' id='word_1_123' title='bbox 978 1798 1032 1838; x_wconf 87' lang='lat'>—-,</span> <span class='ocrx_word' id='word_1_124' title='bbox 1067 1766 1127 1826; x_wconf 90' lang='lat' dir='ltr'>iam</span> <span class='ocrx_word' id='word_1_125' title='bbox 1149 1786 1239 1842; x_wconf 91' lang='lat' dir='ltr'>supra</span> 
     </span>
     <span class='ocr_line' id='line_1_15' title="bbox 84 1862 1239 1944; baseline 0.007 -25"><span class='ocrx_word' id='word_1_126' title='bbox 84 1878 201 1920; x_wconf 88' lang='lat' dir='ltr'>ornnem</span> <span class='ocrx_word' id='word_1_127' title='bbox 225 1865 435 1941; x_wconf 88' lang='lat' dir='ltr'>dubitationem</span> <span class='ocrx_word' id='word_1_128' title='bbox 459 1874 593 1924; x_wconf 87' lang='lat' dir='ltr'>constare</span> <span class='ocrx_word' id='word_1_129' title='bbox 616 1862 762 1938; x_wconf 86' lang='lat' dir='ltr'>reperitur</span> <span class='ocrx_word' id='word_1_130' title='bbox 783 1867 870 1923; x_wconf 86' lang='lat' dir='ltr'>vitam</span> <span class='ocrx_word' id='word_1_131' title='bbox 883 1867 1027 1943; x_wconf 85' lang='lat' dir='ltr'>Anonymi</span> <span class='ocrx_word' id='word_1_132' title='bbox 1040 1869 1239 1944; x_wconf 82' lang='lat' dir='ltr'>Menagianam</span> 
     </span>
     <span class='ocr_line' id='line_1_16' title="bbox 83 1965 1296 2047; baseline 0.007 -26"><span class='ocrx_word' id='word_1_133' title='bbox 83 1980 152 2022; x_wconf 88' lang='lat' dir='ltr'>esse</span> <span class='ocrx_word' id='word_1_134' title='bbox 178 1965 321 2038; x_wconf 68' lang='lat' dir='ltr'>&#39;Hesychii</span> <span class='ocrx_word' id='word_1_135' title='bbox 355 1966 478 2024; x_wconf 87' lang='lat' dir='ltr'>illustris</span> <span class='ocrx_word' id='word_1_136' title='bbox 512 1966 590 2023; x_wconf 89' lang='lat' dir='ltr'>illius</span> <span class='ocrx_word' id='word_1_137' title='bbox 625 1965 741 2024; x_wconf 84' lang='lat' dir='ltr'>Milesii</span> <span class='ocrx_word' id='word_1_138' title='bbox 763 1967 956 2040; x_wconf 82' lang='lat' dir='ltr'>grammatici,</span> <span class='ocrx_word' id='word_1_139' title='bbox 991 1970 1041 2043; x_wconf 93' lang='lat' dir='ltr'>qui</span> <span class='ocrx_word' id='word_1_140' title='bbox 1075 1975 1239 2047; x_wconf 87' lang='lat' dir='ltr'>secuudum</span> <span class='ocrx_word' id='word_1_141' title='bbox 1294 1977 1296 1979; x_wconf 81' lang='grc'><strong>’</strong></span> 
     </span>
     <span class='ocr_line' id='line_1_17' title="bbox 85 2052 1250 2153; baseline 0.004 -27"><span class='ocrx_word' id='word_1_142' title='bbox 85 2067 203 2126; x_wconf 87' lang='lat' dir='ltr'>Suidaiu</span> <span class='ocrx_word' id='word_1_143' title='bbox 238 2067 497 2125; x_wconf 66' lang='lat' dir='ltr'>subAnastasio&#39;</span> <span class='ocrx_word' id='word_1_144' title='bbox 515 2068 573 2123; x_wconf 90' lang='lat' dir='ltr'>iam</span> <span class='ocrx_word' id='word_1_145' title='bbox 606 2067 707 2124; x_wconf 85' lang='lat' dir='ltr'>virens</span> <span class='ocrx_word' id='word_1_146' title='bbox 738 2052 905 2142; x_wconf 84' lang='lat' dir='ltr'>composuit</span> <span class='ocrx_word' id='word_1_147' title='bbox 934 2060 1197 2153; x_wconf 74' lang='lat' dir='ltr'>&#39;Ovoptoetolo&#39;yor</span> <span class='ocrx_word' id='word_1_148' title='bbox 1218 2061 1250 2152; x_wconf 81' lang='grc' dir='ltr'>ἢ</span> 
     </span>
     <span class='ocr_line' id='line_1_18' title="bbox 84 2156 1240 2248; baseline 0 -21"><span class='ocrx_word' id='word_1_149' title='bbox 84 2157 212 2227; x_wconf 72' lang='grc' dir='ltr'><strong><em>πίνακα</em></strong></span> <span class='ocrx_word' id='word_1_150' title='bbox 236 2164 301 2226; x_wconf 80' lang='grc' dir='ltr'>τῶν</span> <span class='ocrx_word' id='word_1_151' title='bbox 328 2157 372 2226; x_wconf 75' lang='grc' dir='ltr'>ἐν’</span> <span class='ocrx_word' id='word_1_152' title='bbox 389 2158 532 2248; x_wconf 73' lang='grc' dir='ltr'><strong><em>παιδείᾳ</em></strong></span> <span class='ocrx_word' id='word_1_153' title='bbox 559 2156 753 2242; x_wconf 61' lang='grc' dir='ltr'><strong><em>ὀνομαστῶν</em></strong></span> <span class='ocrx_word' id='word_1_154' title='bbox 779 2186 837 2241; x_wconf 93' lang='lat' dir='ltr'>quo</span> <span class='ocrx_word' id='word_1_155' title='bbox 865 2179 984 2241; x_wconf 90' lang='lat' dir='ltr'>praeter·</span> <span class='ocrx_word' id='word_1_156' title='bbox 1006 2172 1200 2244; x_wconf 87' lang='lat' dir='ltr'>philosophos</span> <span class='ocrx_word' id='word_1_157' title='bbox 1223 2189 1240 2227; x_wconf 90' lang='lat' dir='ltr'>a</span> 
     </span>
     <span class='ocr_line' id='line_1_19' title="bbox 83 2266 1239 2349; baseline 0.003 -24"><span class='ocrx_word' id='word_1_158' title='bbox 83 2266 212 2340; x_wconf 83' lang='lat' dir='ltr'>Diogene</span> <span class='ocrx_word' id='word_1_159' title='bbox 235 2275 412 2325; x_wconf 90' lang='lat' dir='ltr'>memoratos</span> <span class='ocrx_word' id='word_1_160' title='bbox 435 2269 509 2325; x_wconf 87' lang='lat' dir='ltr'>alios</span> <span class='ocrx_word' id='word_1_161' title='bbox 532 2283 650 2340; x_wconf 91' lang='lat' dir='ltr'>quoquc</span> <span class='ocrx_word' id='word_1_162' title='bbox 674 2270 702 2326; x_wconf 86' lang='lat' dir='ltr'>et</span> <span class='ocrx_word' id='word_1_163' title='bbox 719 2269 898 2327; x_wconf 88' lang='lat' dir='ltr'>recentiores</span> <span class='ocrx_word' id='word_1_164' title='bbox 920 2271 1000 2349; x_wconf 78' lang='lat' dir='ltr'>uelut</span> <span class='ocrx_word' id='word_1_165' title='bbox 1021 2279 1137 2344; x_wconf 89' lang='lat' dir='ltr'>praeter</span> <span class='ocrx_word' id='word_1_166' title='bbox 1152 2272 1239 2345; x_wconf 91' lang='lat' dir='ltr'>Apol-</span> 
     </span>
     <span class='ocr_line' id='line_1_20' title="bbox 84 2368 1238 2446; baseline 0.003 -20"><span class='ocrx_word' id='word_1_167' title='bbox 84 2369 195 2426; x_wconf 94' lang='lat' dir='ltr'>lonium</span> <span class='ocrx_word' id='word_1_168' title='bbox 229 2370 412 2443; x_wconf 82' lang='lat' dir='ltr'>Tyaneusem</span> <span class='ocrx_word' id='word_1_169' title='bbox 436 2368 598 2426; x_wconf 62' lang='lat' dir='ltr'>‘Philonem</span> <span class='ocrx_word' id='word_1_170' title='bbox 620 2369 762 2426; x_wconf 85' lang='lat' dir='ltr'>Judaeum</span> <span class='ocrx_word' id='word_1_171' title='bbox 795 2369 971 2428; x_wconf 90' lang='lat' dir='ltr'>Numenium</span> <span class='ocrx_word' id='word_1_172' title='bbox 993 2371 1137 2446; x_wconf 59' lang='lat' dir='ltr'>‘Sibyllae</span> <span class='ocrx_word' id='word_1_173' title='bbox 1165 2374 1238 2430; x_wconf 87' lang='lat' dir='ltr'>alios</span> 
     </span>
     <span class='ocr_line' id='line_1_21' title="bbox 83 2470 1305 2553; baseline 0.004 -26"><span class='ocrx_word' id='word_1_174' title='bbox 83 2487 157 2543; x_wconf 89' lang='lat' dir='ltr'>quos</span> <span class='ocrx_word' id='word_1_175' title='bbox 182 2478 317 2543; x_wconf 86' lang='lat' dir='ltr'>excerpta</span> <span class='ocrx_word' id='word_1_176' title='bbox 339 2470 463 2544; x_wconf 83' lang='lat' dir='ltr'>Hesycb.</span> <span class='ocrx_word' id='word_1_177' title='bbox 478 2471 595 2542; x_wconf 89' lang='lat' dir='ltr'>habent,</span> <span class='ocrx_word' id='word_1_178' title='bbox 619 2471 845 2542; x_wconf 88' lang='lat' dir='ltr'>Neoplatonieos</span> <span class='ocrx_word' id='word_1_179' title='bbox 869 2488 987 2553; x_wconf 91' lang='lat' dir='ltr'>quoque</span> <span class='ocrx_word' id='word_1_180' title='bbox 1010 2488 1085 2546; x_wconf 93' lang='lat' dir='ltr'>quos</span> <span class='ocrx_word' id='word_1_181' title='bbox 1102 2475 1239 2532; x_wconf 89' lang='lat' dir='ltr'>omittunt</span> <span class='ocrx_word' id='word_1_182' title='bbox 1303 2528 1305 2532; x_wconf 87' lang='lat'>.</span> 
     </span>
     <span class='ocr_line' id='line_1_22' title="bbox 83 2561 1239 2649; baseline 0.003 -20"><span class='ocrx_word' id='word_1_183' title='bbox 83 2573 260 2643; x_wconf 75' lang='lat' dir='ltr'>(ettamen</span> <span class='ocrx_word' id='word_1_184' title='bbox 285 2576 312 2628; x_wconf 83' lang='lat' dir='ltr'>s.</span> <span class='ocrx_word' id='word_1_185' title='bbox 340 2571 477 2649; x_wconf 78' lang='lat' dir='ltr'>Hypatia3</span> <span class='ocrx_word' id='word_1_186' title='bbox 508 2589 523 2630; x_wconf 91' lang='lat' dir='ltr'>e</span> <span class='ocrx_word' id='word_1_187' title='bbox 552 2570 698 2630; x_wconf 88' lang='lat' dir='ltr'>contrario</span> <span class='ocrx_word' id='word_1_188' title='bbox 725 2571 830 2630; x_wconf 86' lang='lat' dir='ltr'>omittit</span> <span class='ocrx_word' id='word_1_189' title='bbox 858 2575 1001 2646; x_wconf 89' lang='lat' dir='ltr'>quaedam</span> <span class='ocrx_word' id='word_1_190' title='bbox 1029 2561 1135 2634; x_wconf 89' lang='lat' dir='ltr'>Suidas</span> <span class='ocrx_word' id='word_1_191' title='bbox 1164 2592 1239 2648; x_wconf 89' lang='lat' dir='ltr'>quae</span> 
     </span>
     <span class='ocr_line' id='line_1_23' title="bbox 83 2672 1239 2746; baseline 0 -13"><span class='ocrx_word' id='word_1_192' title='bbox 83 2675 184 2733; x_wconf 87' lang='lat' dir='ltr'>habuit</span> <span class='ocrx_word' id='word_1_193' title='bbox 201 2672 273 2732; x_wconf 79' lang='lat' dir='ltr'>iles.</span> <span class='ocrx_word' id='word_1_194' title='bbox 302 2675 381 2732; x_wconf 89' lang='lat' dir='ltr'>velut</span> <span class='ocrx_word' id='word_1_195' title='bbox 408 2673 583 2732; x_wconf 90' lang='lat' dir='ltr'>Numenium</span> <span class='ocrx_word' id='word_1_196' title='bbox 608 2676 678 2746; x_wconf 86' lang='lat' dir='ltr'>etc.)</span> <span class='ocrx_word' id='word_1_197' title='bbox 713 2676 866 2746; x_wconf 86' lang='lat' dir='ltr'>amplexus</span> <span class='ocrx_word' id='word_1_198' title='bbox 895 2681 953 2744; x_wconf 90' lang='lat' dir='ltr'>est,</span> <span class='ocrx_word' id='word_1_199' title='bbox 988 2691 1061 2733; x_wconf 90' lang='lat' dir='ltr'>usus</span> <span class='ocrx_word' id='word_1_200' title='bbox 1084 2676 1113 2732; x_wconf 90' lang='lat' dir='ltr'>in</span> <span class='ocrx_word' id='word_1_201' title='bbox 1141 2677 1239 2734; x_wconf 90' lang='lat' dir='ltr'>biset</span> 
     </span>
     <span class='ocr_line' id='line_1_24' title="bbox 82 2775 1237 2850; baseline 0.001 -16"><span class='ocrx_word' id='word_1_202' title='bbox 82 2775 379 2850; x_wconf 78' lang='lat' dir='ltr'>Porphyriihistoria</span> <span class='ocrx_word' id='word_1_203' title='bbox 401 2777 604 2850; x_wconf 89' lang='lat' dir='ltr'>philosophica</span> <span class='ocrx_word' id='word_1_204' title='bbox 628 2777 678 2849; x_wconf 85' lang='lat' dir='ltr'>(cl.</span> <span class='ocrx_word' id='word_1_205' title='bbox 704 2793 727 2833; x_wconf 93' lang='lat' dir='ltr'>s.</span> <span class='ocrx_word' id='word_1_206' title='bbox 745 2776 873 2846; x_wconf 77' lang='lat' dir='ltr'>Homer,</span> <span class='ocrx_word' id='word_1_207' title='bbox 896 2775 1026 2848; x_wconf 78' lang='lat' dir='ltr'>Hesiod,</span> <span class='ocrx_word' id='word_1_208' title='bbox 1043 2776 1237 2850; x_wconf 81' lang='lat' dir='ltr'>Pherecydes,</span> 
     </span>
     <span class='ocr_line' id='line_1_25' title="bbox 83 2871 1237 2951; baseline 0 -16"><span class='ocrx_word' id='word_1_209' title='bbox 83 2877 290 2950; x_wconf 81' lang='lat' dir='ltr'>Empedocles,</span> <span class='ocrx_word' id='word_1_210' title='bbox 319 2880 470 2950; x_wconf 87' lang='lat' dir='ltr'>Socrates,</span> <span class='ocrx_word' id='word_1_211' title='bbox 499 2880 533 2936; x_wconf 91' lang='lat' dir='ltr'>cl.</span> <span class='ocrx_word' id='word_1_212' title='bbox 557 2880 669 2951; x_wconf 86' lang='lat' dir='ltr'>Euuap.</span> <span class='ocrx_word' id='word_1_213' title='bbox 692 2895 719 2950; x_wconf 90' lang='lat' dir='ltr'>p.</span> <span class='ocrx_word' id='word_1_214' title='bbox 737 2873 771 2950; x_wconf 82' lang='lat'>33</span> <span class='ocrx_word' id='word_1_215' title='bbox 807 2871 840 2933; x_wconf 79' lang='lat' dir='ltr'>ex</span> <span class='ocrx_word' id='word_1_216' title='bbox 869 2875 925 2934; x_wconf 87' lang='lat' dir='ltr'>alio</span> <span class='ocrx_word' id='word_1_217' title='bbox 956 2874 1090 2936; x_wconf 89' lang='lat' dir='ltr'>eiusdem</span> <span class='ocrx_word' id='word_1_218' title='bbox 1116 2879 1190 2937; x_wconf 92' lang='lat' dir='ltr'>libro</span> <span class='ocrx_word' id='word_1_219' title='bbox 1214 2896 1237 2937; x_wconf 94' lang='lat' dir='ltr'>s.</span> 
     </span>
     <span class='ocr_line' id='line_1_26' title="bbox 83 2968 1239 3054; baseline 0.002 -18"><span class='ocrx_word' id='word_1_220' title='bbox 83 2978 272 3051; x_wconf 89' lang='lat' dir='ltr'>Ammonius)</span> <span class='ocrx_word' id='word_1_221' title='bbox 293 2968 334 3038; x_wconf 90' lang='lat' dir='ltr'>et</span> <span class='ocrx_word' id='word_1_222' title='bbox 367 2973 516 3038; x_wconf 65' lang='lat' dir='ltr'>llamoscii&gt;</span> <span class='ocrx_word' id='word_1_223' title='bbox 547 2977 621 3054; x_wconf 75' lang='lat' dir='ltr'>(quae</span> <span class='ocrx_word' id='word_1_224' title='bbox 656 2980 685 3036; x_wconf 95' lang='lat' dir='ltr'>in</span> <span class='ocrx_word' id='word_1_225' title='bbox 716 2970 933 3051; x_wconf 86' lang='lat' dir='ltr'>Neoplatonicis</span> <span class='ocrx_word' id='word_1_226' title='bbox 968 2981 1093 3038; x_wconf 81' lang='lat' dir='ltr'>maxime</span> <span class='ocrx_word' id='word_1_227' title='bbox 1126 2989 1239 3040; x_wconf 87' lang='lat' dir='ltr'>versata</span> 
     </span>
     <span class='ocr_line' id='line_1_27' title="bbox 51 3078 1240 3155; baseline 0.002 -16"><span class='ocrx_word' id='word_1_228' title='bbox 51 3114 56 3115; x_wconf 28' lang='lat' dir='ltr'><em>ff</em></span> <span class='ocrx_word' id='word_1_229' title='bbox 83 3083 199 3139; x_wconf 85' lang='lat' dir='ltr'>videtur</span> <span class='ocrx_word' id='word_1_230' title='bbox 226 3081 266 3152; x_wconf 73' lang='lat' dir='ltr'>(s,</span> <span class='ocrx_word' id='word_1_231' title='bbox 290 3078 464 3153; x_wconf 88' lang='lat' dir='ltr'>Domninus,</span> <span class='ocrx_word' id='word_1_232' title='bbox 488 3083 596 3154; x_wconf 88' lang='lat' dir='ltr'>Doros)</span> <span class='ocrx_word' id='word_1_233' title='bbox 631 3083 755 3155; x_wconf 88' lang='lat' dir='ltr'>aliisque</span> <span class='ocrx_word' id='word_1_234' title='bbox 789 3081 898 3153; x_wconf 85' lang='lat' dir='ltr'>passim</span> <span class='ocrx_word' id='word_1_235' title='bbox 934 3081 1127 3155; x_wconf 89' lang='lat' dir='ltr'>scriptoribus</span> <span class='ocrx_word' id='word_1_236' title='bbox 1160 3083 1240 3142; x_wconf 89' lang='lat' dir='ltr'>velut</span> 
     </span>
     <span class='ocr_line' id='line_1_28' title="bbox 85 3182 1239 3257; baseline -0.001 -14"><span class='ocrx_word' id='word_1_237' title='bbox 85 3183 221 3243; x_wconf 87' lang='lat' dir='ltr'>Characis</span> <span class='ocrx_word' id='word_1_238' title='bbox 254 3182 385 3240; x_wconf 89' lang='lat' dir='ltr'>historiis</span> <span class='ocrx_word' id='word_1_239' title='bbox 425 3184 470 3255; x_wconf 94' lang='lat' dir='ltr'>(s.</span> <span class='ocrx_word' id='word_1_240' title='bbox 506 3185 643 3257; x_wconf 84' lang='lat' dir='ltr'>Homer.)</span> <span class='ocrx_word' id='word_1_241' title='bbox 682 3184 857 3242; x_wconf 88' lang='lat' dir='ltr'>Philostrato</span> <span class='ocrx_word' id='word_1_242' title='bbox 894 3182 1037 3242; x_wconf 85' lang='lat' dir='ltr'>Aristoele</span> <span class='ocrx_word' id='word_1_243' title='bbox 1074 3184 1239 3242; x_wconf 86' lang='lat' dir='ltr'>Alexandro</span> 
     </span>
     <span class='ocr_line' id='line_1_29' title="bbox 83 3274 1239 3359; baseline -0.001 -17"><span class='ocrx_word' id='word_1_244' title='bbox 83 3284 267 3359; x_wconf 67' lang='lat' dir='ltr'>polyhistore</span> <span class='ocrx_word' id='word_1_245' title='bbox 291 3285 369 3355; x_wconf 92' lang='lat' dir='ltr'>aliis,</span> <span class='ocrx_word' id='word_1_246' title='bbox 398 3300 457 3356; x_wconf 90' lang='lat' dir='ltr'>quo</span> <span class='ocrx_word' id='word_1_247' title='bbox 485 3289 589 3344; x_wconf 90' lang='lat' dir='ltr'>eodem</span> <span class='ocrx_word' id='word_1_248' title='bbox 616 3274 703 3345; x_wconf 90' lang='lat' dir='ltr'>etiam</span> <span class='ocrx_word' id='word_1_249' title='bbox 727 3299 814 3358; x_wconf 89' lang='lat' dir='ltr'>opere</span> <span class='ocrx_word' id='word_1_250' title='bbox 837 3292 953 3356; x_wconf 89' lang='lat' dir='ltr'>praeter</span> <span class='ocrx_word' id='word_1_251' title='bbox 974 3278 1167 3356; x_wconf 89' lang='lat' dir='ltr'>philosophos</span> <span class='ocrx_word' id='word_1_252' title='bbox 1191 3301 1239 3341; x_wconf 92' lang='lat' dir='ltr'>so·</span> 
     </span>
     <span class='ocr_line' id='line_1_30' title="bbox 83 3376 1239 3460; baseline -0.003 -17"><span class='ocrx_word' id='word_1_253' title='bbox 83 3387 196 3460; x_wconf 92' lang='lat' dir='ltr'>phistas</span> <span class='ocrx_word' id='word_1_254' title='bbox 219 3389 422 3458; x_wconf 84' lang='lat' dir='ltr'>grammaticos</span> <span class='ocrx_word' id='word_1_255' title='bbox 450 3376 552 3460; x_wconf 84' lang='lat' dir='ltr'>poetas</span> <span class='ocrx_word' id='word_1_256' title='bbox 581 3389 667 3446; x_wconf 88' lang='lat' dir='ltr'>etiam</span> <span class='ocrx_word' id='word_1_257' title='bbox 682 3386 873 3443; x_wconf 74' lang='lat' dir='ltr'>¹clarissimos</span> <span class='ocrx_word' id='word_1_258' title='bbox 902 3382 1082 3454; x_wconf 80' lang='lat' dir='ltr'>omninoque</span> <span class='ocrx_word' id='word_1_259' title='bbox 1105 3391 1239 3440; x_wconf 89' lang='lat' dir='ltr'>auctores</span> 
     </span>
     <span class='ocr_line' id='line_1_31' title="bbox 84 3469 1240 3560; baseline -0.005 -14"><span class='ocrx_word' id='word_1_260' title='bbox 84 3489 216 3546; x_wconf 89' lang='lat' dir='ltr'>celebres</span> <span class='ocrx_word' id='word_1_261' title='bbox 244 3469 465 3558; x_wconf 88' lang='lat' dir='ltr'>comprehendit</span> <span class='ocrx_word' id='word_1_262' title='bbox 498 3490 542 3560; x_wconf 86' lang='lat' dir='ltr'>(in</span> <span class='ocrx_word' id='word_1_263' title='bbox 567 3488 687 3546; x_wconf 85' lang='lat' dir='ltr'>comicis</span> <span class='ocrx_word' id='word_1_264' title='bbox 711 3486 830 3558; x_wconf 91' lang='lat' dir='ltr'>quidem</span> <span class='ocrx_word' id='word_1_265' title='bbox 853 3476 993 3539; x_wconf 89' lang='lat' dir='ltr'>Athenaei</span> <span class='ocrx_word' id='word_1_266' title='bbox 1015 3480 1141 3553; x_wconf 84' lang='lat' dir='ltr'>maxime</span> <span class='ocrx_word' id='word_1_267' title='bbox 1165 3497 1240 3555; x_wconf 91' lang='lat' dir='ltr'>opus</span> 
     </span>
     <span class='ocr_line' id='line_1_32' title="bbox 83 3577 1241 3660; baseline -0.004 -13"><span class='ocrx_word' id='word_1_268' title='bbox 83 3577 262 3660; x_wconf 83' lang='lat' dir='ltr'>respiciens)</span> <span class='ocrx_word' id='word_1_269' title='bbox 278 3593 419 3643; x_wconf 84' lang='lat' dir='ltr'>auctores</span> <span class='ocrx_word' id='word_1_270' title='bbox 442 3593 538 3645; x_wconf 89' lang='lat' dir='ltr'>tamen</span> <span class='ocrx_word' id='word_1_271' title='bbox 562 3585 776 3644; x_wconf 86' lang='lat' dir='ltr'>ecclesiasticos</span> <span class='ocrx_word' id='word_1_272' title='bbox 800 3583 956 3641; x_wconf 88' lang='lat' dir='ltr'>secludens</span> <span class='ocrx_word' id='word_1_273' title='bbox 979 3598 1038 3640; x_wconf 91' lang='lat' dir='ltr'>non</span> <span class='ocrx_word' id='word_1_274' title='bbox 1062 3582 1126 3640; x_wconf 90' lang='lat' dir='ltr'>sine</span> <span class='ocrx_word' id='word_1_275' title='bbox 1148 3582 1199 3647; x_wconf 87' lang='lat' dir='ltr'>ira</span> <span class='ocrx_word' id='word_1_276' title='bbox 1213 3592 1241 3642; x_wconf 90' lang='lat' dir='ltr'>et</span> 
     </span>
     <span class='ocr_line' id='line_1_33' title="bbox 84 3682 1240 3762; baseline -0.003 -14"><span class='ocrx_word' id='word_1_277' title='bbox 84 3685 316 3762; x_wconf 85' lang='lat' dir='ltr'>reprehensione</span> <span class='ocrx_word' id='word_1_278' title='bbox 340 3684 448 3744; x_wconf 86' lang='lat' dir='ltr'>Suidae</span> <span class='ocrx_word' id='word_1_279' title='bbox 471 3687 521 3758; x_wconf 91' lang='lat' dir='ltr'>qui</span> <span class='ocrx_word' id='word_1_280' title='bbox 544 3694 642 3744; x_wconf 90' lang='lat' dir='ltr'>tamen</span> <span class='ocrx_word' id='word_1_281' title='bbox 656 3682 775 3759; x_wconf 76' lang='lat' dir='ltr'>&#39;paucos</span> <span class='ocrx_word' id='word_1_282' title='bbox 797 3689 910 3742; x_wconf 88' lang='lat' dir='ltr'>tanturn</span> <span class='ocrx_word' id='word_1_283' title='bbox 933 3683 997 3756; x_wconf 89' lang='lat' dir='ltr'>ipse</span> <span class='ocrx_word' id='word_1_284' title='bbox 1020 3683 1130 3742; x_wconf 89' lang='lat' dir='ltr'>addidit</span> <span class='ocrx_word' id='word_1_285' title='bbox 1146 3685 1240 3756; x_wconf 90' lang='lat' dir='ltr'>(velut</span> 
     </span>
    </p>
   </div>
   <div class='ocr_carea' id='block_1_3' title="bbox 83 3778 1334 3863">
    <p class='ocr_par' dir='ltr' id='par_1_4' title="bbox 83 3778 1334 3863">
     <span class='ocr_line' id='line_1_34' title="bbox 83 3778 1334 3863; baseline -0.003 -13"><span class='ocrx_word' id='word_1_286' title='bbox 83 3793 225 3850; x_wconf 76' lang='lat' dir='ltr'>ioannem</span> <span class='ocrx_word' id='word_1_287' title='bbox 238 3787 451 3846; x_wconf 83' lang='lat' dir='ltr'>Damascenum</span> <span class='ocrx_word' id='word_1_288' title='bbox 464 3796 493 3846; x_wconf 91' lang='lat' dir='ltr'>et</span> <span class='ocrx_word' id='word_1_289' title='bbox 505 3789 621 3847; x_wconf 64' lang='lat' dir='ltr'>‘ceteros</span> <span class='ocrx_word' id='word_1_290' title='bbox 633 3789 771 3858; x_wconf 83' lang='lat' dir='ltr'>Joanrres,</span> <span class='ocrx_word' id='word_1_291' title='bbox 784 3784 993 3858; x_wconf 91' lang='lat' dir='ltr'>Apollinarium</span> <span class='ocrx_word' id='word_1_292' title='bbox 1003 3787 1083 3859; x_wconf 79' lang='lat' dir='ltr'>ete),</span> <span class='ocrx_word' id='word_1_293' title='bbox 1092 3786 1093 3790; x_wconf 73' lang='grc'>’</span> <span class='ocrx_word' id='word_1_294' title='bbox 1103 3778 1241 3863; x_wconf 40' lang='lat' dir='ltr'>„scribens</span> <span class='ocrx_word' id='word_1_295' title='bbox 1331 3798 1334 3801; x_wconf 79' lang='grc'><em>’</em></span> 
     </span>
    </p>
   </div>
   <div class='ocr_carea' id='block_1_4' title="bbox 85 3880 1325 4168">
    <p class='ocr_par' dir='ltr' id='par_1_5' title="bbox 85 3880 1325 4168">
     <span class='ocr_line' id='line_1_35' title="bbox 85 3880 1270 3978; baseline -0.003 -28"><span class='ocrx_word' id='word_1_296' title='bbox 85 3892 205 3966; x_wconf 92' lang='lat' dir='ltr'>quidem</span> <span class='ocrx_word' id='word_1_297' title='bbox 227 3889 275 3946; x_wconf 92' lang='lat' dir='ltr'>ille</span> <span class='ocrx_word' id='word_1_298' title='bbox 298 3897 330 3948; x_wconf 88' lang='lat' dir='ltr'>ut</span> <span class='ocrx_word' id='word_1_299' title='bbox 353 3891 441 3949; x_wconf 91' lang='lat' dir='ltr'>eredo</span> <span class='ocrx_word' id='word_1_300' title='bbox 462 3891 618 3950; x_wconf 76' lang='lat' dir='ltr'>iustiniani</span> <span class='ocrx_word' id='word_1_301' title='bbox 634 3888 817 3963; x_wconf 89' lang='lat' dir='ltr'>temporibus</span> <span class='ocrx_word' id='word_1_302' title='bbox 833 3884 872 3958; x_wconf 87' lang='lat' dir='ltr'>(c.</span> <span class='ocrx_word' id='word_1_303' title='bbox 890 3883 967 3960; x_wconf 87' lang='lat'>550)</span> <span class='ocrx_word' id='word_1_304' title='bbox 983 3889 1136 3978; x_wconf 89' lang='lat' dir='ltr'>hominum</span> <span class='ocrx_word' id='word_1_305' title='bbox 1153 3906 1240 3963; x_wconf 91' lang='lat' dir='ltr'>quam</span> <span class='ocrx_word' id='word_1_306' title='bbox 1266 3880 1270 3881; x_wconf 41' lang='lat'><em>⁷</em></span> 
     </span>
     <span class='ocr_line' id='line_1_36' title="bbox 85 3982 1271 4077; baseline -0.003 -25"><span class='ocrx_word' id='word_1_307' title='bbox 85 3982 278 4068; x_wconf 77' lang='lat' dir='ltr'>plurimorum</span> <span class='ocrx_word' id='word_1_308' title='bbox 301 3993 431 4066; x_wconf 90' lang='lat' dir='ltr'>aequalis</span> <span class='ocrx_word' id='word_1_309' title='bbox 455 4001 538 4051; x_wconf 86' lang='lat' dir='ltr'>sexto</span> <span class='ocrx_word' id='word_1_310' title='bbox 562 3993 662 4050; x_wconf 90' lang='lat' dir='ltr'>seculo</span> <span class='ocrx_word' id='word_1_311' title='bbox 678 3988 849 4048; x_wconf 40' lang='lat' dir='ltr'>*eruditione</span> <span class='ocrx_word' id='word_1_312' title='bbox 872 3991 1018 4077; x_wconf 54' lang='lat' dir='ltr'>clarorum*</span> <span class='ocrx_word' id='word_1_313' title='bbox 1036 3990 1119 4077; x_wconf 5' lang='lat' dir='ltr'>*velut</span> <span class='ocrx_word' id='word_1_314' title='bbox 1139 3991 1240 4049; x_wconf 91' lang='lat' dir='ltr'>Tribo·</span> <span class='ocrx_word' id='word_1_315' title='bbox 1256 4056 1271 4071; x_wconf 73' lang='lat'>.</span> 
     </span>
     <span class='ocr_line' id='line_1_37' title="bbox 86 4080 1325 4168; baseline -0.006 -13"><span class='ocrx_word' id='word_1_316' title='bbox 86 4095 171 4155; x_wconf 92' lang='lat' dir='ltr'>niani</span> <span class='ocrx_word' id='word_1_317' title='bbox 190 4095 241 4166; x_wconf 88' lang='lat' dir='ltr'>(de</span> <span class='ocrx_word' id='word_1_318' title='bbox 255 4110 312 4165; x_wconf 93' lang='lat' dir='ltr'>quo</span> <span class='ocrx_word' id='word_1_319' title='bbox 325 4095 425 4168; x_wconf 79' lang='lat' dir='ltr'>ipses</span> <span class='ocrx_word' id='word_1_320' title='bbox 435 4112 461 4153; x_wconf 89' lang='lat' dir='ltr'>v.</span> <span class='ocrx_word' id='word_1_321' title='bbox 473 4086 739 4167; x_wconf 64' lang='lat' dir='ltr'>Pseudohesy&#39;eh.)</span> <span class='ocrx_word' id='word_1_322' title='bbox 752 4091 892 4164; x_wconf 89' lang='lat' dir='ltr'>Simplicii</span> <span class='ocrx_word' id='word_1_323' title='bbox 905 4091 995 4165; x_wconf 89' lang='lat' dir='ltr'>etqui</span> <span class='ocrx_word' id='word_1_324' title='bbox 1007 4080 1239 4163; x_wconf 77' lang='lat' dir='ltr'>huiustenipore</span> <span class='ocrx_word' id='word_1_325' title='bbox 1323 4125 1325 4127; x_wconf 57' lang='lat'>&gt;</span> 
     </span>
    </p>
   </div>
   <div class='ocr_carea' id='block_1_5' title="bbox 87 4188 1328 4267">
    <p class='ocr_par' dir='ltr' id='par_1_6' title="bbox 87 4188 1328 4267">
     <span class='ocr_line' id='line_1_38' title="bbox 87 4188 1328 4267; baseline -0.007 -11"><span class='ocrx_word' id='word_1_326' title='bbox 87 4206 188 4256; x_wconf 84' lang='lat' dir='ltr'>eontra</span> <span class='ocrx_word' id='word_1_327' title='bbox 216 4188 355 4252; x_wconf 65' lang='lat' dir='ltr'>Proclum&#39;</span> <span class='ocrx_word' id='word_1_328' title='bbox 377 4195 470 4253; x_wconf 91' lang='lat' dir='ltr'>libros</span> <span class='ocrx_word' id='word_1_329' title='bbox 498 4194 615 4267; x_wconf 89' lang='lat' dir='ltr'>scripsit</span> <span class='ocrx_word' id='word_1_330' title='bbox 636 4210 654 4251; x_wconf 91' lang='lat' dir='ltr'>a</span> <span class='ocrx_word' id='word_1_331' title='bbox 674 4192 825 4265; x_wconf 82' lang='lat' dir='ltr'>Simplicio</span> <span class='ocrx_word' id='word_1_332' title='bbox 853 4200 1097 4250; x_wconf 89' lang='lat' dir='ltr'>commemoratos</span> <span class='ocrx_word' id='word_1_333' title='bbox 1118 4191 1240 4248; x_wconf 84' lang='lat' dir='ltr'>loannis</span> <span class='ocrx_word' id='word_1_334' title='bbox 1324 4227 1328 4230; x_wconf 93' lang='lat'><em>-</em></span> 
     </span>
    </p>
   </div>
   <div class='ocr_carea' id='block_1_6' title="bbox 87 4282 1250 4564">
    <p class='ocr_par' dir='ltr' id='par_1_7' title="bbox 87 4282 1250 4564">
     <span class='ocr_line' id='line_1_39' title="bbox 87 4282 1250 4376; baseline -0.007 -21"><span class='ocrx_word' id='word_1_335' title='bbox 87 4296 364 4374; x_wconf 73' lang='lat' dir='ltr'>grammatici&#39;(de&#39;</span> <span class='ocrx_word' id='word_1_336' title='bbox 383 4310 441 4368; x_wconf 93' lang='lat' dir='ltr'>quo</span> <span class='ocrx_word' id='word_1_337' title='bbox 465 4292 550 4370; x_wconf 72' lang='lat' dir='ltr'>vquae</span> <span class='ocrx_word' id='word_1_338' title='bbox 580 4294 605 4353; x_wconf 79' lang='lat' dir='ltr'>s.&#39;</span> <span class='ocrx_word' id='word_1_339' title='bbox 623 4295 754 4352; x_wconf 76' lang='lat' dir='ltr'>‘Procius</span> <span class='ocrx_word' id='word_1_340' title='bbox 786 4294 874 4351; x_wconf 91' lang='lat' dir='ltr'>habet</span> <span class='ocrx_word' id='word_1_341' title='bbox 901 4293 993 4351; x_wconf 80' lang='lat' dir='ltr'>Suid</span> <span class='ocrx_word' id='word_1_342' title='bbox 1017 4293 1081 4366; x_wconf 89' lang='lat' dir='ltr'>ipse</span> <span class='ocrx_word' id='word_1_343' title='bbox 1114 4282 1250 4376; x_wconf 60' lang='lat' dir='ltr'>addiditiv</span> 
     </span>
     <span class='ocr_line' id='line_1_40' title="bbox 88 4391 1243 4474; baseline -0.006 -17"><span class='ocrx_word' id='word_1_344' title='bbox 88 4404 238 4474; x_wconf 87' lang='lat' dir='ltr'>praeterea</span> <span class='ocrx_word' id='word_1_345' title='bbox 271 4396 410 4468; x_wconf 87' lang='lat' dir='ltr'>Stephani</span> <span class='ocrx_word' id='word_1_346' title='bbox 444 4399 512 4472; x_wconf 87' lang='lat' dir='ltr'>(qui</span> <span class='ocrx_word' id='word_1_347' title='bbox 540 4395 662 4469; x_wconf 77' lang='lat' dir='ltr'>Eugenii</span> <span class='ocrx_word' id='word_1_348' title='bbox 696 4400 783 4467; x_wconf 89' lang='lat' dir='ltr'>quem</span> <span class='ocrx_word' id='word_1_349' title='bbox 811 4395 840 4451; x_wconf 92' lang='lat' dir='ltr'>in</span> <span class='ocrx_word' id='word_1_350' title='bbox 872 4393 1068 4466; x_wconf 85' lang='lat' dir='ltr'>grammaticis</span> <span class='ocrx_word' id='word_1_351' title='bbox 1096 4391 1243 4464; x_wconf 86' lang='lat' dir='ltr'>excerpsit</span> 
     </span>
     <span class='ocr_line' id='line_1_41' title="bbox 131 4493 1039 4564; baseline -0.019 0"><span class='ocrx_word' id='word_1_352' title='bbox 131 4523 198 4564; x_wconf 79' lang='lat' dir='ltr'>ltere</span> <span class='ocrx_word' id='word_1_353' title='bbox 217 4514 245 4562; x_wconf 88' lang='lat' dir='ltr'>de</span> <span class='ocrx_word' id='word_1_354' title='bbox 258 4512 325 4560; x_wconf 87' lang='lat' dir='ltr'>libris</span> <span class='ocrx_word' id='word_1_355' title='bbox 339 4512 478 4563; x_wconf 84' lang='lat' dir='ltr'>Aristotelis.</span> <span class='ocrx_word' id='word_1_356' title='bbox 1019 4493 1039 4547; x_wconf 80' lang='grc'>4</span> 
     </span>
    </p>
   </div>
   <div class='ocr_carea' id='block_1_7' title="bbox 0 0 1482 5034">
    <p class='ocr_par' dir='ltr' id='par_1_8' title="bbox 0 0 1482 5034">
     <span class='ocr_line' id='line_1_42' title="bbox 0 0 1482 5034; baseline 0 0"><span class='ocrx_word' id='word_1_357' title='bbox 0 0 1482 5034; x_wconf 95' lang='lat' dir='ltr'> </span> 
     </span>
    </p>
   </div>
  </div>
 </body>
</html>
