3160 5222
826 380 868 442 38

271 549 362 620 prael.
405 549 504 612 iustas
536 553 730 626 paraphrases
756 549 933 613 Themistius
963 555 996 608 ut
1022 548 1085 620 ipse
1114 545 1184 606 dicit
1210 546 1323 620 primus
1351 545 1429 604 inter

271 657 518 713 commentatores
540 653 674 715 institnit
718 653 819 726 Neque
845 651 935 724 igitar
960 650 1022 708 heri
1049 647 1145 722 potuit
1170 655 1202 706 ut
1229 649 1258 706 in
1286 649 1341 705 hac
1355 646 1427 718 'ipsa

272 752 427 813 doctorum
449 755 614 816 studiorum
636 754 850 816 restauratione
877 752 902 810 si
925 752 1033 824 scripta
1055 750 1245 826 Pytltagorica
1267 758 1296 808 et
1317 747 1430 807 Aristo-

274 853 359 912 tettae
392 856 554 930 composita
576 856 701 914 tuissent
732 856 807 914 adeo
830 860 1014 914 constantem
1037 851 1218 926 antiquitatis
1239 851 1346 908 lamam
1368 849 1430 908 adi·

273 953 459 1028 piscarentur
484 957 530 1014 rel
558 957 637 1029 apud
662 957 802 1029 aequales
828 964 856 1014 et
879 955 1037 1029 Dionysius
1059 954 1108 1026 (V,
1123 950 1202 1025 430)
1230 952 1307 1012 inter
1333 952 1429 1025 philo·

273 1055 383 1128 sophos
416 1056 565 1116 sarmums
596 1071 684 1118 causa
717 1058 861 1131 legendos
893 1057 1093 1132 Pythagoreos
1126 1055 1346 1116 commendaret
1375 1055 1428 1126 (cl.

272 1153 411 1215 madon.
434 1173 481 1232 ap.
505 1157 567 1218 Gal.
583 1159 617 1231 V,
631 1157 721 1233 478).
766 1159 843 1218 Rara
863 1166 962 1218 manen
985 1165 1014 1216 et
1035 1165 1140 1231 postea
1160 1158 1303 1216 librorum
1325 1156 1431 1230 Pytha·

273 1255 440 1330 ganconum
468 1266 501 1318 ut
527 1267 692 1323 ceterorum
719 1269 852 1322 aeterum
878 1259 1123 1333 philosophorum
1145 1257 1322 1332 exemplaria
1349 1263 1433 1318 erant

274 1356 428 1432 (simplic.-
445 1360 512 1420 Scb.
528 1357 581 1434 80,
596 1359 639 1422 32
666 1364 702 1424 cl.
726 1364 853 1426 eundem
881 1364 917 1424 de
939 1361 1070 1434 Diogene
1092 1360 1197 1434 Apoll,
1225 1359 1344 1418 Melissa
1360 1359 1431 1429 cto.)

275 1466 395 1533 litopter
416 1460 514 1534 ipsum
537 1464 600 1524 scil.
630 1451 876 1546 ἆρχαιότροπον
901 1457 958 1524 καὶ
983 1455 1134 1525 παλαιὸν
1160 1459 1258 1522 πῖνον
1285 1461 1432 1519 sermonis

276 1556 395 1628 (tambt.
414 1577 442 1622 v.
458 1564 488 1620 P.
506 1561 585 1637 157)
613 1567 829 1640 disiectamque
856 1565 989 1626 Doricam
1016 1565 1101 1624 cuius
1128 1563 1247 1638 quidem
1273 1571 1376 1636 postea
1403 1562 1431 1620 in

276 1657 323 1718 bis
355 1663 462 1734 partim
492 1665 522 1726 in
556 1668 705 1742 vulgarem
739 1667 896 1728 translatae
928 1668 976 1739 (ut
1003 1666 1110 1726 lactum
1132 1671 1178 1722 est
1196 1663 1233 1722 ia
1262 1664 1433 1723 Charondae

274 1763 428 1834 prooemio
449 1782 465 1824 a
489 1768 616 1828 stobaea
639 1771 714 1839 qur.
731 1769 783 1840 44,
799 1769 841 1828 40
863 1775 974 1847 etpost
990 1767 1070 1828 Stob.
1087 1765 1117 1825 in
1133 1765 1234 1825 Ocella
1249 1773 1279 1824 at
1293 1773 1432 1838 excerpto

277 1857 418 1938 Archyta)
451 1867 538 1926 otiam
572 1871 731 1946 Gregorius
765 1869 943 1940 Corinthius,
972 1869 1157 1943 Tryphonem
1191 1874 1270 1926 certe
1302 1867 1352 1926 illo
1373 1880 1433 1926 non

278 1969 400 2028 secutus
432 1967 481 2038 (ut
501 1971 614 2044 putavit
633 1972 800 2033 Beokraann
823 1989 853 2046 p.
868 1970 905 2044 7)
939 1969 1047 2044 qnippe
1075 1969 1126 2043 qui
1153 1969 1227 2026 alios
1253 1968 1352 2041 potius
1381 1968 1433 2039 (cl.

278 2060 362 2120 Suid.
376 2080 401 2122 s.
418 2083 455 2138 n,
476 2069 593 2132 Abrens
615 2073 651 2132 de
667 2072 734 2132 diat.
751 2073 817 2134 llor.
833 2089 864 2146 p.
876 2069 933 2140 25)
956 2079 985 2132 et
1006 2070 1160 2132 uberiores
1182 2070 1279 2128 tontes
1290 2067 1434 2137 babuerit,

278 2160 335 2223 sibi
356 2164 546 2232 illustrandae
573 2187 716 2234 canonem
745 2187 811 2234 eum
834 2173 988 2250 Theocrito
1015 2171 1121 2232 sumsit
1142 2172 1298 2244 Archytam
1324 2169 1433 2242 (praei.

277 2278 307 2340 p·
323 2263 343 2326 6
360 2268 412 2328 ed.
436 2270 591 2347 sahaeter)
634 2291 736 2336 revera
771 2277 814 2336 illi
850 2284 879 2336 ct
912 2274 1083 2348 antiquitate
1116 2279 1146 2332 et
1178 2271 1293 2330 dialecti
1323 2271 1435 2330 ratione
1557 2319 1558 2324 ,

279 2365 406 2430 similem
433 2373 486 2444 (cl.
508 2372 624 2436 Abrena
647 2377 684 2437 de
706 2378 773 2438 dial.
798 2379 861 2436 dor.
883 2393 913 2451 p.
929 2373 971 2436 23
984 2392 1028 2449 sq.
1057 2374 1107 2447 qui
1135 2373 1215 2446 quod
1242 2373 1279 2430 de
1304 2371 1435 2430 Philoleo

280 2470 434 2532 haesitavit
455 2489 483 2546 p.
500 2473 543 2534 24
570 2476 600 2538 ld
626 2478 764 2538 Boeclrbii
793 2478 888 2552 magis
916 2475 1079 2536 auctoritati
1103 2473 1251 2534 concessit
1276 2487 1364 2546 quam
1386 2488 1435 2531 re-

278 2569 379 2646 ritati).
427 2572 538 2636 Eadem
564 2575 618 2636 luit
644 2577 669 2638 si
692 2579 852 2640 canonicos
879 2586 912 2640 ut
934 2578 974 2637 ita
1002 2576 1138 2637 dicami.
1163 2591 1190 2636 e.
1211 2589 1281 2633 vere
1304 2575 1435 2650 philoso-
1557 2575 1558 2580 ’

279 2671 383 2744 pbieos
405 2673 498 2736 libros
521 2677 650 2752 excipias
671 2680 926 2742 Aristotelicorum
953 2678 1057 2740 raritas
1085 2695 1175 2752 quum
1203 2684 1329 2750 atquae
1352 2683 1436 2735 antea

279 2773 405 2838 mantne
427 2776 601 2851 legebantur
622 2781 762 2844 historica
784 2798 863 2842 nuno
886 2783 1025 2844 aederent
1046 2779 1216 2839 theoreticis
1238 2785 1268 2836 ct
1282 2794 1358 2852 quae
1372 2777 1437 2851 plu-

279 2875 354 2934 rima
375 2886 459 2938 erant
479 2868 737 2962 ὖπομνηματικά
759 2891 860 2956 utpote
882 2885 985 2958 peiora
998 2897 1054 2942 nec
1069 2882 1130 2940 rere
1145 2879 1243 2939 studio
1260 2879 1436 2952 diligentiori

280 2976 369 3051 digna
402 2993 496 3052 quum
525 2982 555 3042 in
581 2984 747 3046 ansmtehs
780 2986 912 3046 doctrina
943 2984 1115 3044 illustranda
1141 2998 1201 3041 non
1228 2981 1438 3039 adhiberentur

281 3077 399 3152 (simpl
422 3081 490 3142 Sch.
506 3082 558 3155 24,
574 3084 632 3158 44)
666 3087 793 3146 lectione
824 3101 943 3160 quoque
970 3085 1190 3159 negligerentur
1216 3096 1379 3154 rursusque
1405 3087 1438 3138 ut

280 3185 350 3240 ante
374 3180 575 3243 Andronicum
607 3201 665 3248 usu
692 3187 901 3248 interciderent
927 3203 986 3247 non
1013 3194 1111 3244 tamen
1137 3186 1244 3245 iterum
1271 3189 1373 3256 pastea
1401 3182 1437 3240 ab

281 3280 383 3340 interis
404 3283 537 3344 excitata.
580 3287 694 3348 Etenim
718 3287 872 3348 Strabonis
899 3289 954 3349 hac
981 3295 1074 3347 aetate
1099 3285 1345 3360 philosophorum
1371 3281 1437 3341 libri

281 3381 413 3457 undique
439 3385 653 3460 colligebantur
678 3397 708 3448 et
735 3389 959 3463 diligentissime
985 3389 1018 3449 in
1043 3378 1186 3460 πίνακας
1213 3401 1293 3444 nunc
1319 3385 1437 3444 demum

280 3492 433 3548 accuratos
447 3487 671 3550 ,reserebanturz
694 3491 738 3552 sic
760 3491 933 3565 Apollonius
954 3491 1058 3567 Tyrius
1081 3490 1224 3550 Strabone
1246 3493 1317 3546 natu
1339 3485 1438 3559 paullo
1558 3515 1559 3534 a

280 3585 375 3646 maior
402 3587 561 3648 andronici
590 3598 622 3650 ut
650 3591 766 3652 videtur
794 3594 926 3666 aequalis
954 3581 1055 3656 ὁτὸν
1084 3582 1208 3652 πίνακα
1237 3581 1353 3662 ἐκθεὶς
1373 3583 1440 3648 coir

281 3673 351 3746 duo
374 3677 531 3768 Ζήνωνος
553 3683 755 3776 φιλοσόφων
775 3689 917 3758 καὶτῶν
938 3686 1080 3774 βιβλίων
1100 3693 1221 3766 (Strabo
1233 3693 1264 3749 Τ.
1273 3692 1309 3750 111
1321 3706 1350 3764 p.
1358 3685 1438 3762 368)

283 3785 332 3860 qni
356 3787 496 3860 epistolas
519 3806 638 3867 quoque
661 3796 799 3870 apposuit
821 3797 868 3871 (lt.
881 3799 914 3856 L.
928 3794 958 3870 7,
973 3795 1022 3874 6);
1045 3796 1089 3855 sic
1105 3802 1133 3854 et
1148 3793 1280 3868 ipsorum
1295 3793 1439 3851 librorum

282 3901 358 3962 quos
380 3887 545 3952 Aristotelis
568 3901 597 3952 et
617 3897 809 3972 Theophrasti
835 3899 956 3960 nomine
984 3897 1141 3970 inscriptos
1164 3896 1278 3954 invenit
1299 3909 1439 3967 quorum·

282 4003 340 4060 tue
362 4000 395 4050 ut
416 3998 580 4054 ceterorum
602 3999 875 4074 antiquissimorum
897 3999 1157 4073 Peripateticorum
1180 3995 1387 4056 contusionem
1403 4009 1439 4054 ca

282 4090 499 4162 exemplaribus
521 4101 676 4174 anonymis
697 4103 801 4175 partim
824 4103 984 4174 prolectam
1000 4099 1076 4160 tituli
1091 4099 1132 4158 illi
1148 4095 1232 4158 mariti
1247 4098 1324 4156 inter
1338 4097 1440 4170 plures

280 4191 448 4253 secundum
468 4203 600 4260 veterum
615 4201 783 4260 testimonia
799 4201 940 4276 ipsosque
950 4200 1038 4260 etiam
1051 4201 1169 4260 codices
1180 4199 1285 4260 incerti
1295 4203 1442 4256 testantur

281 4293 333 4363 (0ss
350 4301 473 4368 nraeter
493 4298 652 4374 bodemen,
675 4302 869 4375 Theodectes,
896 4303 1039 4362 blenonea
1068 4303 1123 4362 alia
1144 4301 1250 4362 Athen.
1266 4299 1297 4371 6,
1313 4295 1386 4358 273.
1409 4295 1440 4368 8,

279 4389 351 4456 347.
366 4393 544 4468 t‚.·tttea.
569 4403 645 4464 inter
666 4403 854 4464 Aristotelem
869 4409 898 4464 et
908 4404 1140 4477 Theophrastum
1163 4399 1379 4466 incertitudinis
1391 4415 1441 4457 aa
