2992 5032
773 296 835 359 128

227 471 365 533 universo
381 472 513 543 eiusque
537 486 624 527 cause
648 469 773 541 explicat
794 463 934 537 16-4,
962 469 1044 540 prius
1068 467 1386 554 neccssaripdicendn

228 573 346 629 luerunt
379 587 466 645 qnam
501 587 576 644 quae
605 572 641 639 de
668 571 775 642 optime
810 570 862 628 sed
891 553 977 627 etlam
1005 570 1082 641 quod
1105 567 1331 627 introductionis
1355 568 1387 624 iu

228 674 399 731 universum
421 672 641 746 institutionum
660 672 844 745 politicarum
870 670 1092 729 iudicandarum
1118 671 1269 744 negotium
1292 669 1389 727 mani-

229 777 334 834 festam
368 774 496 848 speciem
531 782 622 846 gerat¹
639 774 718 831 libri
734 773 829 846 quarti
855 772 1037 845 prooemium
1062 771 1170 845 (4,1).
1215 772 1270 830 Ubi
1296 787 1410 844 quam.

230 879 301 936 dicit
321 872 381 960 τήν
403 865 471 935 κατ’
496 865 592 957 eripiar
614 875 648 947 (i.
666 892 690 933 e.
709 864 841 947 ἁπλῶς)
868 862 1086 954 &elemosine
1110 891 1207 959 veram
1230 873 1388 931 aristocra-

229 981 299 1038 tiam
323 974 643 1052 (1701328637)
665 993 730 1034 eam
754 975 952 1048 optimamque
975 991 1032 1047 qua
1055 975 1157 1034 nititur
1179 975 1284 1035 civium
1297 974 1386 1033 vitem

216 1083 400 1154 ¹cultumque
422 1079 574 1153 aptissime
597 1087 665 1152 post
686 1077 1019 1149 variarumspeeierum
1042 1076 1302 1137 multitudinemct
1318 1084 1389 1150 post

231 1183 378 1242 intellecta
399 1181 468 1238 vitia
490 1188 520 1238 et
541 1180 759 1238 vicissitudines
782 1178 811 1235 in
835 1177 899 1250 ipso
922 1177 1012 1234 totius
1034 1177 1134 1249 operis
1158 1178 1215 1238 fine
1238 1179 1389 1259 legistator

220 1281 366 1353 instituit,
390 1282 418 1339 id
441 1281 521 1354 qnod
544 1281 581 1338 ita
604 1288 634 1338 et
655 1281 820 1339 faciendum
844 1294 912 1336 esse
934 1278 964 1335 in
987 1277 1154 1337 Ethicornrn
1168 1279 1389 1338 fincetlactum

233 1400 300 1444 csse
321 1383 440 1442 disertis
458 1382 560 1441 verbis
584 1383 699 1451 monuit
720 1383 784 1455 ipse
806 1388 909 1439 auctor
923 1379 1006 1437 Polit
1021 1377 1050 1450 7,
1063 1379 1092 1436 4.
1111 1377 1290 1442 1325o34:
1313 1376 1389 1444 ἐπεὶ

234 1481 272 1547 δὲ
293 1475 562 1567 πεφροιμίασται
584 1517 625 1524 --
648 1477 706 1544 καὶ
731 1477 808 1560 περὶ
829 1473 889 1554 τοὶς
911 1469 1016 1554 ἄλλος
1039 1474 1214 1555 πολιτείας
1235 1473 1312 1566 ἡμῖν
1325 1472 1386 1544 Υτέ-

233 1578 407 1670 θεώρηιαι
441 1576 619 1668 πρότερον,
654 1574 735 1668 ἀρχή
757 1583 823 1645 τῶν
846 1580 976 1644 λοιπῶν
1004 1574 1110 1644 εἰπεῖν
1132 1582 1264 1666 πρῶτον
1286 1577 1391 1661 ποίας

233 1685 327 1762 τινας
349 1687 403 1750 δεῖ
421 1681 480 1762 τὰς
502 1677 688 1759 ὑποθέσεις
711 1674 797 1748 εἶναι
821 1681 899 1770 περὶ
920 1684 979 1768 τῆς
999 1677 1184 1767 μελλούσης
1206 1677 1389 1770 κατ’)οὖχῆν

233 1781 431 1854 συνεστάναι
451 1779 614 1861 πόλεωςι
641 1788 721 1855 Quae
750 1789 869 1862 quidem
890 1804 963 1871 pars
994 1795 1137 1861 utsupra
1160 1788 1267 1848 dictum
1292 1797 1390 1849 estet

227 1896 291 1953 'iarn
311 1909 328 1951 a
351 1892 495 1955 Guilelmu
517 1892 553 1949 de
576 1890 731 1948 Moerbeka
752 1889 897 1949 versionis
921 1890 1026 1948 latinae
1049 1899 1167 1948 anctore
1185 1890 1301 1963 (St-Hit.
1315 1889 1388 1965 pref.

233 2014 262 2070 p.
276 1992 333 2067 79)
356 1994 533 2057 intellectum
557 1993 605 2065 (nt
627 1994 712 2052 dccet
734 1991 881 2049 adnotatio
905 1991 969 2048 eius
983 1990 1021 2048 riu
1046 1990 1104 2049 fine
1127 1992 1235 2065 scripta
1250 1992 1389 2057 Jourdain

234 2116 263 2171 p.
280 2092 352 2156 181.
375 2094 412 2152 el.
435 2095 500 2152 cod.
526 2095 573 2152 Gr.
598 2111 649 2168 ap.⁴
667 2093 762 2151 Stabr.
786 2093 832 2150 ed.
857 2093 916 2150 Pol.
941 2100 1014 2150 extr.
1030 2125 1079 2149 —1
1096 2094 1390 2168 dellyriaeiStrozae

234 2206 356 2272 propter
378 2196 501 2255 eandem
524 2195 876 2268 causem'supplementis
901 2196 1002 2253 seculo
1031 2202 1114 2252 sexto
1144 2197 1257 2261 decimo
1282 2197 1391 2256 Graece
1480 2189 1482 2193 ’

236 2284 412 2374 εοιὶοῑίσο.
435 2294 554 2369 praefat
585 2299 648 2356 eius
671 2298 701 2354 in
728 2298 774 2354 ed.
799 2297 842 2353 lin
865 2295 925 2367 Val,
948 2295 1039 2354 Paris.
1064 2293 1157 2366 1651,
1180 2304 1199 2353 t.
1217 2297 1252 2354 ΙΙΙ
1267 2314 1295 2371 p.
1313 2296 1392 2370 617)

237 2399 406 2471 imperfecta
439 2413 519 2454 nune
546 2397 665 2468 legitur:
701 2398 826 2456 debebat
848 2397 927 2455 euim
950 2413 1008 2454 non
1033 2386 1257 2474 παιδονομίαι
1278 2407 1391 2458 tantum

236 2500 289 2556 sed
312 2498 442 2555 virorum
465 2497 551 2554 etiarn
575 2504 603 2554 et
625 2497 780 2556 mulierum
802 2498 938 2556 virtutem
961 2507 990 2557 et
1012 2506 1114 2558 contra
1131 2511 1234 2558 servos
1258 2501 1392 2560 domino·

233 2615 302 2665 rnrn
326 2598 493 2656 describere
516 2613 579 2655 earn
603 2613 678 2669 quae
700 2599 839 2671 optineant
861 2601 1111 2659 decetcivitatem
1135 2611 1306 2674 argumento
1329 2603 1394 2676 qui-

237 2703 304 2759 dem
327 2717 362 2758 ex
386 2706 468 2774 parte
490 2699 662 2770 domestico,
684 2706 715 2756 at
736 2699 923 2761 Politioorum
947 2703 1259 2776 operidoctrinaeque
1274 2704 1393 2776 proprio

238 2811 267 2860 et
288 2802 408 2859 minime
432 2809 575 2874 separato.
621 2801 804 2861 Manifestum
827 2809 925 2861 tamen
947 2809 994 2860 est
1015 2803 1146 2860 nltimam
1169 2804 1246 2862 illam
1259 2804 1394 2878 politicae

239 2905 387 2961 doctrinae
410 2902 582 2975 particulam
605 2902 656 2974 (cl.
674 2900 758 2969 1260
774 2901 838 2960 bl?
856 2910 885 2960 et
900 2901 958 2976 21)
980 2920 1067 2978 qirnnr
1091 2906 1210 2980 saepius
1234 2906 1342 2965 indicat
1364 2907 1393 2965 iu

238 3004 386 3076 prioribus
419 3002 591 3060 Aristoteles
624 3000 670 3074 (7,
688 3000 715 3062 5.
741 3000 1271 3081 1326633.7101330633.
1296 3007 1324 3078 7,
1343 3006 1392 3066 16.

239 3101 346 3165 taath
363 3104 397 3176 43
421 3110 450 3160 nt
461 3100 490 3174 7,
507 3101 525 3159 l.
540 3110 611 3160 extr.
625 3111 736 3177 spectat
751 3106 787 3162 ad
804 3103 833 3176 7,
852 3103 919 3179 13),
943 3105 968 3163 si
992 3123 1094 3165 revera
1117 3108 1233 3181 scripsit
1256 3107 1393 3181 stetitque

239 3206 401 3281 promisso
422 3205 450 3263 id
478 3206 557 3278 quod
579 3205 819 3279 vixuegaveris,
852 3206 1013 3292 antiquitus
1036 3216 1115 3266 certe
1137 3188 1280 3281 perditam
1303 3210 1395 3269 inisse

239 3318 268 3376 et
289 3316 358 3367 ante
380 3306 578 3367 Andronicum
602 3313 800 3381 renovataque
824 3310 919 3368 studia
942 3310 1135 3368 Aristotelian.
1182 3311 1293 3369 Posteri
1317 3312 1395 3370 enirn

213 3413 319 3497 velut
350 3411 539 3470 Philodemus
570 3406 599 3464 in
628 3411 817 3468 oeconomica
845 3412 976 3469 doctrina
1004 3412 1145 3469 tradenda
1173 3413 1395 3487 Xenophontem

241 3515 300 3572 iere
323 3520 489 3585 sequuntur
516 3518 544 3568 et
567 3518 719 3568 tractatum
748 3512 837 3570 istum
859 3512 1089 3571 oeconomicum
1116 3514 1192 3572 iuter
1213 3515 1395 3573 Aristotelica

241 3620 401 3683 servatum,
430 3628 517 3685 quem
544 3611 642 3684 ipsum
670 3612 732 3669 sive
760 3613 885 3672 similem
909 3615 1091 3689 Peripatetici
1115 3616 1266 3674 cuiusdam
1290 3615 1396 3672 librum

188 3794 190 3800 y
242 3713 328 3777 etiam
351 3712 471 3770 Cassius
494 3711 652 3785 Dionysius
679 3713 824 3771 Uticensis
852 3715 880 3773 in
909 3717 991 3774 libris
1020 3718 1055 3774 de
1082 3731 1114 3773 rc
1141 3717 1247 3775 rustica
1276 3716 1312 3771 de
1336 3727 1397 3770 ser·

222 3861 223 3867 ,
243 3828 347 3871 vorum
370 3811 540 3870 conditione
563 3829 654 3886 egeus
678 3815 739 3888 (ap.
753 3816 874 3874 Varron.
893 3796 1056 3877 dererush
1071 3815 1164 3888 1.,17.
1188 3818 1223 3874 ef.
1238 3814 1398 3878 Schneider

242 3915 279 3971 ad
294 3913 323 3969 b.
341 3912 359 3968 1.
376 3928 403 3984 p.
416 3909 480 3970 300
492 3914 553 3984 sq.)
579 3915 746 3995 respexisse
768 3925 798 3974 et
820 3919 1015 3992 exscripsisse
1038 3917 1275 3992 deprehenditur.
1307 3899 1398 3974 Cuius

214 4068 228 4073 ,,
243 4022 349 4079 ουσιαιῚ
366 4029 463 4086 quern
478 4012 711 4088 Theophrastum
734 4019 795 4076 vult
818 4020 1005 4078 Philodemus
1022 4020 1071 4093 qui
1086 4019 1295 4078 oeconomicae
1306 4019 1398 4075 Theo-

244 4119 398 4192 phrasteae
420 4117 576 4187 praecepto
598 4117 744 4188 excerpsit
777 4119 853 4178 libro
887 4122 923 4178 de
957 4120 1022 4187 vin,
1051 4129 1081 4179 ct
1102 4122 1151 4180 vit.
1175 4122 1230 4178 col.
1248 4120 1398 4177 Vll—xil

244 4217 414 4293 (Goettling
435 4214 513 4287 enirn
540 4214 570 4270 in
592 4211 641 4275 Ar..
665 4215 773 4276 Oeccn.
796 4223 908 4295 -p.,X111
941 4223 978 4279 de
1012 4222 1076 4279 loco
1111 4238 1202 4296 egeus
1235 4216 1397 4281 Philodemi

243 4339 271 4394 p.
287 4317 377 4397 468
400 4315 528 4375 auctoris
552 4315 725 4374 sententiam
749 4323 916 4395 pervertit),
940 4339 1002 4380 rem
1026 4323 1217 4389 domesticam
1240 4298 1398 4383 nou'iusta
