2954 5034
635 367 674 428 59

77 539 173 612 ipsum
196 549 402 614 argumentum
425 540 562 613 historias
586 555 756 597 conserens.
803 541 844 598 Ex
867 541 902 597 lis
927 551 995 596 vero
1011 554 1093 611 ¹quae
1117 540 1153 596 de
1173 537 1233 610 pri-

77 640 133 698 mis
155 642 261 700 artium
288 641 491 700 inventoribus
519 652 553 697 ex
578 640 733 698 Aristotele
760 642 885 699 citantur
907 642 957 713 (fr.
981 637 1130 700 256-58
1152 641 1230 697 Matr.

78 743 112 799 ol.
138 743 235 800 Schol.
260 744 329 801 Plat.
353 760 381 817 p.
398 740 475 814 153)
504 757 564 799 non
589 741 723 814 seqnitur
744 744 921 814 peculiarem
944 731 1238 824 περὶέδρημάτων

78 843 184 901 librum
209 852 241 901 ut
262 844 424 901 Heraclidis
448 843 640 916 Theophrasti
663 843 809 900 'Stratonis
832 842 871 900 ita
886 843 964 900 illius
981 859 1099 916 quoque
1114 844 1233 902 nomine

78 945 171 1002 fnisse
205 944 395 1018 inscriptum,
429 945 602 1016 praesertim
636 952 727 1017 ouum
763 946 798 1000 de
823 944 932 1002 talibus
960 961 1026 1002 eum
1054 945 1237 1002 mentionem>

79 1045 186 1104 fecisse
214 1052 242 1103 et
268 1045 298 1102 in
326 1044 437 1118 palitiis
467 1047 550 1116 (Sch.
574 1045 645 1102 Plat.
669 1063 697 1119 p.
711 1042 773 1104 153
789 1068 824 1094 =
840 1047 907 1104 Sch.
931 1047 992 1103 Vat.
1016 1045 1045 1103 in
1068 1046 1157 1102 Rhes.
1171 1042 1232 1103 311

79 1148 107 1204 in
130 1147 229 1220 Enrip.
259 1147 304 1204 ed.
328 1147 360 1203 L.
384 1147 515 1219 dindoni,
539 1147 618 1220 Lips.
636 1145 720 1207 1825
744 1149 802 1205 T.1
825 1164 852 1220 p.
870 1145 948 1219 476)
981 1147 1110 1204 sciamus
1144 1153 1173 1203 et
1203 1147 1233 1203 in

78 1247 162 1306 libro·
176 1241 255 1330 περί
276 1238 436 1319 παιδείας
457 1262 555 1320 equo
579 1248 674 1306 similo
697 1250 768 1323 quid
791 1249 859 1307 citat
876 1249 907 1306 [t.
924 1250 955 1306 L.
973 1248 1003 1319 9,
1017 1245 1057 1307 53
1079 1247 1234 1306 Aristotele

79 1356 175 1407 tamen
199 1351 263 1407 hocv
278 1365 397 1423 quoque
420 1341 541 1422 indigno
564 1351 610 1407 vel
633 1358 753 1424 propter
774 1353 852 1408 hanc
872 1349 966 1422 ipsam
989 1366 1006 1406 a
1028 1329 1158 1422 Diogene
1173 1365 1235 1408 me-

79 1456 222 1509 moratum
247 1451 283 1506 de
305 1451 462 1525 Protagora
485 1452 583 1509 haiulo
606 1452 734 1509 sahulem
762 1452 813 1525 (cl.
837 1451 901 1510 Frei
926 1451 980 1524 Qu.
1005 1452 1118 1525 Protag.
1135 1470 1163 1525 p.
1175 1451 1233 1524 41)

79 1552 196 1625 Epicuri
224 1558 355 1623 tempore
384 1552 529 1625 vulgatam
562 1553 698 1626 (Cramer
720 1553 828 1611 Anecd.
852 1553 942 1611 Paris.
966 1554 987 1624 l,
1004 1551 1092 1625 171).
1137 1555 1236 1614 Unde·

80 1661 197 1727 cunque
220 1661 316 1711 tamen
339 1654 388 1711 illa
401 1660 497 1710 sumta
509 1663 587 1726 sunt,
612 1654 721 1727 spuriis
734 1661 812 1712 certe
825 1654 907 1711 libris
920 1655 1073 1728 dehentur.
1098 1656 1247 1715 Ceterum,
1291 1706 1297 1726 ,

80 1755 180 1814 talium
202 1755 354 1812 lihrorum
386 1756 473 1813 nohis
505 1752 639 1830 exemplo
671 1762 807 1814 servatus
832 1763 877 1814 est
903 1765 990 1830 quem
1020 1757 1117 1831 inepte
1145 1758 1234 1816 medii

79 1856 142 1914 aevi
174 1857 283 1914 librarii
312 1856 412 1914 Graeci
448 1857 580 1935 lecerunt
608 1858 837 1917 oeconomicum
867 1858 1044 1915 secundum:
1079 1866 1124 1916 est
1157 1844 1235 1918 enim

80 1950 250 2039 συναγωγὴ
274 1968 379 2016 eornm
400 1949 463 2018 ὅσα
484 1954 572 2032 τινὲς
593 1957 659 2020 τῶν
670 1949 833 2042 πρότερον
844 1950 1058 2041 πεπράγαοιν
1068 1951 1116 2033 εἷς
1129 1951 1237 2043 πόρον

76 2051 250 2143 χρημάτων
281 2048 303 2141 ἢ
334 2057 488 2136 τεχνικῶς
519 2080 553 2119 τι
586 2053 753 2142 διῴκησαν
772 2052 969 2133 vastata)
1005 2062 1023 2118 i.
1049 2077 1073 2119 e.
1102 2062 1234 2121 collectio

30 2204 40 2208 -
82 2163 226 2234 quaedam
251 2160 513 2242 χρηματιοτικῶν
547 2163 609 2219 sive
643 2170 675 2218 ut
708 2163 747 2219 ita
782 2163 875 2219 dicam
910 2152 1127 2237 οἰκονομικῶν
1151 2156 1237 2240 πρὸς

80 2253 231 2345 καιροδς,
265 2262 362 2334 qualia
395 2261 513 2334 scripsit
539 2263 757 2335 Theophrastus
789 2256 949 2322 πολιτικοὶ
982 2257 1068 2343 πρὸς
1100 2255 1238 2345 καιρούς

81 2365 136 2438 (cll
156 2365 189 2421 lr.
213 2379 260 2436 ap.
284 2360 421 2420 Schneid.
433 2363 471 2434 V,
487 2379 515 2435 p.
525 2360 623 2435 210),
653 2379 693 2420 sc.
723 2379 820 2437 „quae
840 2371 944 2422 essent
966 2364 994 2421 in
1018 2365 1168 2436 republica
1191 2367 1236 2423 in-'

80 2465 253 2524 clinationes
276 2466 385 2521 rerum
399 2470 427 2521 et
449 2473 596 2522 momenta
611 2454 787 2539 temporum,
812 2465 919 2538 quihus
932 2472 1012 2522 esset
1023 2467 1239 2525 moderandum

81 2573 232 2640 utcunque
265 2581 326 2641 res*
341 2566 517 2637 postularet'’
545 2566 621 2638 (Cic.
647 2569 683 2624 de
706 2563 802 2640 anst,
818 2567 847 2624 4.
872 2567 908 2624 cl.
931 2563 1128 2640 15511346,
1145 2566 1186 2628 32
1210 2576 1238 2629 et
1267 2639 1270 2644 A

81 2669 234 2742 Theophr.'
250 2682 296 2741 ap.
321 2667 409 2749 Suid
427 2683 450 2725 s.
475 2665 681 2754 Κυψελιδῶν
703 2657 888 2750 ἀνάθημα).
935 2669 1009 2726 Sunt
1030 2677 1128 2728 tamen
1150 2674 1238 2744 plane

83 2774 155 2830 haec
184 2771 299 2847 diversa
325 2770 361 2826 ah
389 2769 447 2827 illis
475 2773 511 2829 de
538 2771 647 2845 quihus
676 2772 813 2844 cogitavit
842 2771 929 2829 Arist.
953 2770 1058 2845 poli,
1076 2770 1237 2848 111259,

83 2871 221 2934 33-36
256 2873 347 2945 (quae
363 2888 443 2931 ¹vero
471 2872 541 2930 dicit
562 2871 656 2946 1259,
672 2871 766 2932 3-5
801 2875 857 2931 huc
884 2873 1004 2932 omnino
1032 2891 1092 2932 non
1115 2875 1238 2935 faciunt:

85 2982 217 3049 spectant
251 2973 329 3032 enim
357 2975 400 3031 vad
425 2974 571 3048 privatos3·
597 2983 697 3034 contra
731 2975 868 3049 Ghttling.
900 2977 989 3050 praef.
1017 2977 1054 3034 ad
1080 2977 1128 3034 Ar.
1156 2979 1237 3051 polit.

84 3095 112 3151 p.
129 3078 230 3149 XXII),
255 3060 296 3133 ¹en
320 3091 379 3149 quo
406 3078 471 3133 loco
499 3077 586 3135 simul
615 3095 704 3153 quam
730 3079 818 3152 longe
840 3072 986 3136 remotum
1008 3078 1049 3136 sit
1068 3079 1104 3136 ah
1127 3078 1239 3139 Aristoss

84 3180 151 3238 telis
180 3179 292 3237 ratione
318 3194 365 3236 res
394 3193 474 3237 mere
500 3179 654 3239 historicas
678 3188 707 3239 et
728 3181 917 3254 particulares
941 3181 1152 3252 quac‘nnllum
1174 3183 1239 3255 phi-

84 3281 235 3354 losophiae
268 3281 394 3338 fructum
426 3282 522 3339 lerant
554 3289 687 3341 accurate
721 3296 854 3341 enarrare
887 3288 915 3337 et
942 3283 1075 3353 exempla
1102 3283 1239 3356 colligere

86 3383 179 3457 ipsius
211 3383 309 3440 verhis
343 3383 449 3441 auditis
486 3386 562 3442 clare
595 3384 757 3457 perspicias
791 3384 826 3440 cl.
847 3378 955 3440 12581)
972 3378 1014 3438 34
1030 3398 1074 3452 sq.
1098 3381 1192 3456 1259,
1210 3386 1239 3442 2.

86 3484 209 3558 Scripsit
241 3484 360 3556 quidem
387 3485 552 3556 Xenophon
579 3484 738 3540 historicus
766 3483 856 3539 libros
889 3473 967 3560 περί
994 3470 1197 3559 οἰκονομίας
1212 3485 1241 3544 et

86 3580 164 3669 περὶ
191 3575 319 3662 πόρων,
347 3584 529 3656 scripserunt
557 3582 665 3640 Chares
695 3581 797 3640 Parius
824 3587 853 3638 et
880 3581 1076 3654 Apollodorus
1099 3585 1240 3648 Lemnius

86 3683 163 3773 περὶ
186 3677 346 3769 γεωργίας
367 3684 475 3756 aliique
498 3685 534 3741 de
557 3684 621 3742 allis
643 3684 776 3757 partihns
801 3679 860 3764 τῆς
879 3684 1135 3768 χρηματιστικῆς
1161 3691 1241 3750 velut

86 3796 164 3853 idem
175 3790 340 3863 Xenophon
363 3779 441 3868 περὶ
463 3774 604 3869 ἱππικῆς
620 3794 648 3845 et
662 3780 740 3869 περὶ
754 3784 962 3868 κυνηγετικῆς
975 3788 1037 3861 (Ar.
1046 3787 1155 3850 12581)
1167 3790 1238 3865 14):

87 3903 115 3954 at
140 3893 316 3968 philosopho
344 3883 504 3972 φορτικὸν
527 3883 567 3950 τδ
585 3881 828 3971 ἐνδιατρίβειν,
862 3889 929 3948 licet
961 3890 1036 3948 hanc
1062 3891 1157 3964 ipsam
1185 3878 1240 3952 sihi

88 4008 206 4070 operam
229 3994 363 4067 discipuli
387 3992 547 4052 sumserint
569 3993 678 4067 quippe
702 3990 730 4048 in
753 3990 939 4063 philosophia
962 3992 1026 4066 ipsa
1048 3976 1241 4054 nihilnovare

87 4102 184 4171 neque
217 4097 348 4154 valentes
381 4111 479 4169 neque
511 4096 664 4152 audentes.
723 4092 874 4152 Praecedit
910 4092 940 4149 in
978 4094 1129 4152 codicibus
1166 4097 1241 4153 hanc
1280 4106 1283 4109 ·

79 4198 289 4271 exemplorum
312 4198 514 4256 collectionem
536 4197 602 4255 lihrl
627 4196 661 4254 ad
685 4211 773 4268 qtrem
796 4195 860 4269 ipsa
882 4194 1008 4268 pertinet
1030 4196 1066 4253 ah
1079 4195 1242 4255 Aristotelis

89 4299 260 4374 disciplinae
289 4299 495 4358 oeconomicae
523 4298 635 4356 ratione
669 4297 776 4371 quippe
804 4311 879 4371 quae
906 4296 936 4355 in
963 4296 1082 4369 privatis
1111 4293 1243 4356 versetur

89 4408 136 4477 (ut
170 4401 289 4475 exponit
322 4398 508 4459 politicorum
529 4401 655 4474 primus
689 4399 724 4456 cl.
747 4399 838 4456 David
860 4397 889 4454 in
914 4396 974 4454 Cat
987 4393 1052 4454 255
1068 4397 1183 4459 6-10
1208 4381 1241 4461 et
