2954 5034
780 351 820 416 lo

223 531 288 583 rent
309 527 361 597 (cl.
386 527 472 585 etiam
494 523 525 584 D.
542 525 573 583 L.
594 539 724 598 prooem.
737 519 806 596 ¹15).
852 523 1018 581 Admodum
1042 520 1381 594 (leuiquememorahilc

223 633 270 683 est
301 629 380 699 quod
414 628 599 702 Hipparchus
624 625 824 700 Pythagoreus
853 626 979 685 Siohaeo
1009 622 1379 696 carcassensem&

223 726 274 797 (ci.
287 726 388 800 Lysid.v
397 727 436 785 ud
446 729 531 802 llipp.
544 727 645 802 epist.)
661 741 698 782 ex
712 724 869 784 Democriti
887 726 933 783 vel
944 724 1256 786 fortusscllnaxurchi
1265 725 1380 785 undae-

223 827 330 885 monici
359 829 520 902 fragrueuto
547 826 736 898 (stou-utor.
754 824 784 898 1,
799 825 859 898 40)
885 826 983 884 locum
1012 826 1162 898 quendam
1187 827 1249 892 lere
1275 827 1381 884 verho-

222 936 310 987 tenus
326 927 490 1001 descripsit,
514 920 592 1007 περὶ
606 916 772 1000 aviculae
793 943 888 1001 agens
900 925 1041 985 itu-omni
1053 927 1216 1000 argumenti
1234 927 1381 997 sententia
1458 910 1462 919 ⁸

223 1027 327 1086 similis
345 1034 387 1085 ut
397 1028 648 1087 necessitudinem
664 1030 820 1100 quandem-
830 1027 987 1086 obscuram
998 1027 1075 1086 iuter
1086 1028 1177 1085 libros
1189 1027 1380 1103 Pythagoreis

222 1127 439 1186 et‘llcmocrito
461 1129 634 1203 suppositos
662 1128 844 1202 eosdemque
867 1126 1090 1206 antiquissimos
1104 1128 1241 1188 indicet:
1277 1137 1397 1202 regnat·

222 1228 299 1286 enirn
323 1225 352 1287 in
376 1229 725 1303 utrisquePcripatetieu
755 1229 805 1288 illu
832 1219 1007 1310 μετριότης
1037 1228 1099 1289 sive
1127 1219 1381 1312 paracoenium

222 1335 251 1385 et
272 1344 348 1401 quae
369 1330 460 1388 huius
481 1339 528 1389 est
547 1320 755 1407 εὐδαιμονία.
800 1331 1039 1404 Pyrrhoneouum
1060 1340 1178 1404 quoquc
1201 1334 1251 1405 (cl.
1275 1322 1379 1393 Timon

221 1445 267 1502 ap.
289 1430 374 1489 oh.
396 1431 425 1505 0,
447 1431 504 1504 40)
538 1447 607 1506 erga
633 1432 832 1490 Democritum
862 1448 946 1492 amor
972 1448 1039 1493 cum
1067 1433 1208 1492 falsorum
1236 1434 1379 1497 iturorum

222 1531 382 1605 scriptione
404 1533 581 1593 coniunctus
603 1531 835 1591 missovidetur
858 1535 908 1605 (ct
924 1534 1009 1594 hsta
1024 1535 1213 1607 attextum).
1303 1590 1304 1595 ,

209 1710 211 1713 v
308 1634 400 1692 Vitam
431 1651 502 1692 vcro
528 1634 750 1708 Pythagoricum
783 1640 812 1692 et
838 1633 995 1707 Orphicum
1030 1643 1080 1695 aut
1110 1637 1190 1708 quod
1222 1636 1300 1695 idem
1333 1642 1380 1694 cst

220 1734 376 1791 asceticam
405 1743 434 1792 et
461 1735 662 1808 symbolorum
690 1736 819 1794 studium
839 1743 985 1807 tempore
1007 1736 1136 1796 Platonis
1163 1737 1379 1806 ct·Aristotclis

220 1832 252 1890 iu
273 1833 367 1906 ipsam
382 1820 542 1892 ¹Graeciam
569 1851 605 1893 cx
631 1834 711 1893 ltalia
738 1816 787 1894 illa
814 1836 946 1896 inferiori
973 1830 1005 1895 'iu
1028 1837 1092 1911 ipsa
1114 1839 1190 1909 vitue
1209 1837 1379 1903 vleuitateqct

219 1922 334 1993 luxuria
356 1935 546 2010 mysticarum
566 1936 795 2010 lugubriumque
822 1937 996 2010 religionum
1024 1940 1149 2012 quadum
1178 1939 1249 1997 sede
1271 1946 1300 2000 ct
1322 1939 1379 2019 ier&

220 2035 353 2093 sidorum
377 2036 564 2110 ingeniorum
586 2045 619 2096 ut
640 2046 743 2112 postea
766 2038 852 2096 etiarn
870 2038 964 2097 Bruui·
976 2039 1065 2099 divini
1081 2040 1174 2112 patria
1189 2046 1377 2113 propagatum

217 2136 312 2195 'husse
337 2138 502 2196 videmus·
525 2139 651 2197 Transiit
678 2139 756 2198 enim
784 2140 857 2197 haec
884 2139 969 2212 quasi
995 2139 1115 2203 atteram
1133 2156 1250 2214 gerens
1277 2139 1379 2213 sophi-

218 2237 308 2296 sticae
335 2238 485 2297 doctrinae
513 2239 616 2297 faciem
643 2255 666 2299 a
682 2240 756 2298 vitae
784 2240 950 2313 mentisque
977 2241 1127 2300 communi
1155 2242 1267 2302 ratione
1294 2257 1378 2301 soce.-

218 2339 315 2398 dentis
341 2340 371 2397 in
398 2340 486 2398 ritum
514 2339 666 2414 Cynicum,
699 2358 786 2414 quum
815 2341 900 2414 quusi
926 2340 1146 2414 Pythagoricum
1176 2349 1205 2400 et
1232 2343 1378 2415 Pythago,-

217 2457 336 2500 reorum
354 2439 547 2500 ltulioorurn
571 2442 696 2515 maxime
735 2442 957 2502 Tarentinorum
995 2457 1094 2508 rrrorcs
1131 2443 1377 2516 severitatemque

171 2566 173 2568 ·
218 2542 400 2599 mactantem
432 2542 483 2614 (cf.
508 2540 683 2614 Cynicorum
705 2534 858 2624 τερατεία
880 2557 946 2603 sec.¹
965 2543 997 2600 h.
1019 2544 1051 2602 L.
1074 2534 1187 2616 0102
1203 2546 1275 2629 etc.)
1305 2545 1324 2601 i.
1349 2561 1374 2608 e.

218 2634 533 2724 Πυθαγαρίζουσαν,
561 2658 621 2702 non
644 2661 712 2703 vero
736 2645 830 2718 ipsam
853 2651 885 2702 ut
903 2652 1009 2718 putant
1030 2645 1247 2719 philosophiam
1270 2646 1376 2720 Pytha—

217 2745 360 2818 goricum,
394 2744 566 2804 deridebant
597 2747 701 2804 comici
733 2746 912 2811 recentiores
929 2745 1087 2819 iidemque
1115 2747 1175 2818 qut
1193 2748 1329 2821 Cynicos
1347 2755 1377 2806 et

178 2906 180 2912 ,
217 2847 315 2925 ipsum
348 2845 497 2904 Platonem
531 2846 630 2905 Alexis
657 2849 834 2922 Aristophon
870 2846 1004 2906 Cratinus
1031 2847 1248 2921 Antiphonem·
1264 2850 1374 2922 quihus

200 2943 414 3006 'conterendus
437 2956 482 3005 cst
502 2938 657 3007 Aeschinis
680 2951 821 3023 Teluuges
844 2951 881 3008 dc
904 2964 963 3023 quo
987 2947 1129 3011 Welclter.
1156 2949 1321 3010 Aristotelis
1344 2959 1374 3008 ct

217 3049 464 3107 arithmeticorum
497 3049 714 3109 Platonicorum
747 3052 885 3124 aequales
914 3050 1037 3112 luerunt
1066 3048 1260 3133 ¹Androcydes
1292 3053 1373 3125 Lyco

181 3168 182 3173 ¹
217 3151 545 3209 Diodoruslluxitheus
567 3184 609 3194 -
637 3169 723 3226 quem
746 3154 866 3211 Platone
883 3149 1082 3224 >posteriorem
1110 3153 1274 3225 secuudum
1297 3168 1373 3224 quae

216 3250 253 3310 de
274 3268 311 3310 eo
322 3288 323 3291 =
334 3269 371 3310 ex
394 3251 607 3326 cicaronem.
625 3255 706 3314 Stoli.
723 3255 798 3313 Flor.
816 3249 887 3323 105,
904 3247 953 3310 55.
971 3247 1089 3323 AppssJ
1107 3248 1147 3309 36
1164 3259 1192 3308 et
1206 3251 1288 3308 Phot.
1306 3255 1371 3310 coda

216 3353 278 3414 167
302 3355 352 3412 uhi
367 3356 443 3417 inter
458 3356 553 3421 sontes
566 3356 683 3414 Stobaci
697 3355 858 3413 liunitlreus
874 3353 1008 3426 quoque)
1032 3352 1157 3416 citantur
1179 3354 1372 3427 Theophrasti

214 3459 366 3530 aequalem
390 3457 482 3514 luisse
505 3457 629 3515 coniicio
653 3473 689 3515 ex
712 3455 850 3517 Zacharia
872 3454 1045 3528 Mitylenueo
1061 3455 1139 3526 apud
1155 3468 1243 3526 quem
1256 3461 1372 3511 veteres

216 3559 256 3615 illi
283 3559 449 3630 philosophi
482 3565 630 3631 tamquam
662 3557 793 3614 viventes
821 3551 1018 3613 Alexandriae,
1047 3562 1159 3614 certant
1191 3554 1307 3626 dialogo
1334 3554 1373 3620 dc

108 3691 109 3694 =
215 3667 359 3717 sectarum
383 3660 568 3733 praestantia,
593 3658 680 3717 simili
703 3672 791 3714 causa
815 3673 872 3729 qua
894 3657 1077 3729 posteriores
1098 3657 1248 3728 sophistae
1271 3663 1300 3713 et
1315 3657 1371 3729 By-

214 3762 320 3820 zantini
344 3762 423 3820 velut
445 3761 678 3832 l'lrcoplryluctus
702 3758 848 3816 Simocata
869 3764 1001 3815 veterum
1016 3757 1260 3831 philosophorum
1276 3756 1372 3830 nouri-

214 3863 302 3922 uihu's
329 3864 359 3921 in
381 3864 457 3921 fictis
485 3860 802 3935 epistolis‘utehuutur
829 3857 949 3915 minime
971 3857 1011 3919 illi
1035 3856 1211 3914 fraudulenti
1234 3863 1371 3928 posteros

214 3971 309 4022 tamen
332 3965 413 4023 iuviti
437 3964 616 4036 decipientes
638 3984 681 4001 -·—
703 3967 732 4017 et
754 3966 869 4032 praeter
896 3959 951 4028 irps
980 3958 1088 4031 quihus
1110 3957 1224 4015 accedit
1242 3957 1370 4017 sortasse

211 4067 386 4141 Euphranor
419 4066 466 4122 ulii
501 4064 550 4136 qui
578 4061 750 4134 Pythagorei
785 4061 940 4119 volucrunt
966 4059 1067 4119 hohcri
1101 4057 1205 4130 (lsoct.
1227 4059 1296 4116 Bus.
1317 4056 1369 4129 28,

212 4170 323 4228 Pluton.
345 4169 432 4238 Rcsp.
450 4164 543 4234 600),
572 4162 648 4220 sicut
674 4163 794 4222 Catonis
822 4162 909 4220 etiam
936 4169 1067 4234 temporo
1089 4160 1171 4219 iuter
1197 4161 1369 4241 Tarentinos

213 4270 362 4329 Nearchus
385 4267 435 4340 qui
458 4264 621 4336 secuudum
646 4263 817 4325 Ciceronem
840 4264 926 4338 quusi
947 4263 1102 4329 traditione
1125 4269 1370 4334 accepinsoumat

213 4373 354 4447 archytae
376 4367 503 4427 morales
527 4364 686 4424 sententias
710 4365 784 4437 (Cic.
803 4367 937 4427 deamie.
955 4361 1005 4425 23.
1024 4366 1059 4423 dc
1076 4363 1367 4433 sen.122Plut.Cat.
1404 4441 1406 4445 μ
