3228 5228
726 410 787 472 109

178 597 274 655 66666
298 582 368 646 haee
391 581 511 640 omnino
535 581 699 644 accuratius
721 576 903 638 'executurus
930 578 1022 637 161666
1049 578 1196 652 putandus
1220 580 1257 638 sit
1280 581 1331 652 (cf.

179 687 246 744 bun.
271 701 301 758 6.
316 682 383 756 92).
429 685 495 757 1666
518 698 586 741 vero
609 682 659 740 illa
681 682 841 755 fragmenta
863 697 937 754 6666
952 680 1016 754 1666
1032 681 1068 739 66
1084 680 1234 741 nobilitate
1250 683 1333 740 locos

178 786 321 859 colligens
345 774 489 844 sichaeus
519 784 666 856 exscripto
693 783 775 857 prius
798 783 941 841 Plutarchi
972 777 1049 864 666ρί
1071 770 1236 862 εὐγενείας
1257 782 1332 842 libro

177 889 229 960 (ef.
247 884 397 958 616686,
415 885 465 944 21.
482 885 524 943 22
539 909 574 938 =
589 886 663 943 Plnt.
684 885 723 950 de
745 883 818 962 666.
831 881 881 946 10.
907 883 986 944 Stob.
1003 883 1055 955 86,
1073 882 1219 942 12:1³1.
1237 883 1265 942 1.
1290 885 1334 942 St

176 987 227 1060 86,
244 986 263 1047 7
280 1011 315 1038 =
332 989 371 1044 Pl.
390 986 440 1046 16.
458 985 628 1059 868614,
652 987 808 1052 ubilocns
832 986 871 1042 de.
891 987 1059 1059 Theognide
1081 1001 1117 1044 en
1138 985 1333 1057 Xenophonte

178 1089 341 1164 Megarensi
364 1106 411 1162 ap.
426 1089 502 1146 Plut.
517 1089 602 1147 citato
618 1111 653 1138 =
668 1088 709 1144 Pl.
728 1083 783 1159 15)
806 1094 955 1160 tamquam
977 1086 1141 1146 Aristotells
1163 1086 1246 1158 ponit
1269 1087 1334 1164 Sto·

178 1193 269 1250 66666
292 1187 388 1262 1186,
405 1189 455 1248 24.
473 1187 523 1249 25.
540 1187 592 1263 88,
609 1187 659 1262 13,
694 1190 796 1265 eadem
831 1189 917 1246 ctiam
944 1187 1166 1252 1691666666
1194 1188 1260 1246 libri
1283 1203 1335 1247 en-

178 1291 285 1366 cerptis
307 1290 413 1350 iisdem
436 1292 532 1350 verbis
556 1292 707 1365 leguntur,
735 1305 795 1348 non
824 1291 920 1349 sclnrn
943 1289 1147 1358 sine-nomine
1169 1287 1334 1348 Aristotelis

179 1394 230 1466 (cf.
247 1390 299 1463 88,
316 1389 356 1450 13
372 1413 406 1442 =
422 1393 463 1449 Pl.
481 1391 537 1464 14)
566 1394 618 1452 666
642 1393 715 1462 6666
739 1392 794 1450 666
817 1391 935 1453 alienis:
970 1389 1055 1464 primi
1080 1389 1158 1447 enim
1181 1391 1334 1465 fragmenti

178 1495 267 1554 rerba
290 1509 324 1550 en
347 1494 479 1553 Philonis
492 1495 665 1565 Academici,
690 1494 814 1561 secundi
836 1509 852 1550 e
875 1491 1025 1552 Posidonii
1049 1493 1176 1564 qttodam
1199 1494 1335 1550 cumTu-
1378 1475 1382 1477 ⁸
1410 1562 1413 1567 f

178 1597 289 1655 herone
324 1595 438 1669 dialogo
472 1596 561 1670 petita
593 1611 661 1654 6666
696 1595 805 1655 diserte
831 1594 1004 1653 Plutarchus
1031 1593 1079 1652 ait.
1128 1593 1203 1651 Fieri
1238 1600 1334 1652 tamen

178 1705 276 1772 potest
302 1705 334 1755 ut
361 1711 421 1757 non
448 1699 543 1756 solum
572 1697 676 1770 reliqui
705 1698 763 1755 666
792 1697 845 1755 666
873 1695 920 1754 616
948 1695 1036 1752 etiarn
1063 1694 1113 1768 qui
1141 1695 1197 1771 6161
1220 1695 1336 1753 ridetur

178 1799 328 1866 Posidonii
363 1799 446 1870 locus
480 1814 514 1856 ex
543 1798 698 1856 Plutarcho
721 1797 907 1856 Aristotelem
940 1796 1046 1854 citante
1080 1811 1111 1854 rc
1145 1813 1212 1854 vera
1241 1805 1336 1855 sumta

179 1901 252 1962 sint:
276 1915 347 1959 nam
365 1907 482 1972 praeter
505 1901 584 1973 6666
607 1900 646 1966 ita
668 1900 724 1978 sihi
747 1898 860 1958 similes
882 1897 923 1954 illi
946 1897 1002 1956 loci
1026 1903 1095 1954 sunt
1110 1905 1142 1956 ut
1156 1899 1193 1956 ad
1209 1898 1336 1958 eundern

179 2001 328 2076 pertinere
350 2008 499 2060 auctorem
522 2001 684 2072 videantur,
701 2009 740 2063 ut
757 2009 840 2060 ,recte
864 2000 904 2061 ait
924 1999 1120 2072 Wyttenh'aeh
1139 2001 1176 2056 ad
1189 2000 1334 2064 PlutVol.
1424 1997 1426 2002 ’

180 2101 249 2173 v‚2
270 2099 388 2174 6970,
422 2104 561 2176 6666666
589 2119 625 2160 ex
652 2102 807 2160 Aristotele
834 2102 916 2160 locos
944 2103 1044 2174 plures
1069 2101 1241 2160 adhibuisse
1269 2117 1335 2160 cum

181 2203 339 2281 verisimile
363 2210 412 2266 ¹est
439 2204 488 2277 qui
516 2205 598 2262 initio
627 2203 723 2261 statim
750 2205 828 2260 hunc
854 2203 959 2261 librum
988 2203 1108 2262 omnino
1132 2205 1189 2262 666
1210 2203 1336 2262 maxime

180 2303 334 2363 facientem
359 2303 427 2360 citat
447 2305 486 2374 (6,
503 2301 638 2376 iente),
665 2303 723 2362 iam
746 2317 782 2360 ex
803 2304 923 2368 Arnoldi
947 2305 1066 2362 Ferroni
1089 2304 1226 2362 versione
1249 2303 1337 2365 latitia

179 2407 287 2479 (Lugd.
313 2399 413 2476 1556)
437 2420 473 2462 ex
496 2405 596 2463 codice
618 2404 716 2477 paullo
743 2405 867 2478 pleniori
895 2407 945 2478 (cl.
965 2405 1154 2468 6146620.
1177 2406 1200 2462 J.
1216 2405 1246 2463 C.
1260 2404 1340 2465 Wolf

179 2509 289 2569 Ancod.
314 2507 362 2576 Gr.
384 2508 419 2563 lV
441 2507 531 2580 praef.
555 2504 665 2579 611)
691 2507 765 2564 facta
788 2507 977 2582 intelligimus
1001 2524 1068 2568 eum
1091 2507 1198 2582 quiex
1223 2508 1336 2582 integro

181 2609 325 2671 Plutarchi
353 2609 426 2668 libro
454 2609 563 2668 Graeca
592 2609 664 2666 haec
691 2615 826 2682 excerpta
860 2610 965 2684 selegit
997 2610 1036 2670 ita
1064 2611 1155 2670 fnisse
1187 2618 1337 2668 versatum

180 2721 293 2797 utnon
317 2711 413 2770 solum
435 2709 626 2784 prooemium
643 2717 671 2766 et
692 2707 792 2781 66666,
820 2712 872 2768 666
896 2710 983 2770 etiam
1009 2719 1161 2770 anctorum
1184 2712 1337 2771 citatorum

181 2815 263 2872 locos
285 2813 429 2887 plurimos
452 2812 498 2884 (in
522 2811 623 2870 codice
645 2811 765 2868 Perconi
788 2801 941 2880 auctorum
964 2819 1076 2872 tantum
1092 2813 1211 2874 nomina
1228 2813 1339 2872 omissa

181 2922 273 2987 erant,
296 2915 332 2972 cf.
357 2915 436 2972 Wolf
456 2913 545 2988 praef.
570 2910 718 2988 6510)
741 2920 770 2970 et
792 2911 885 2984 ipsius
908 2913 1083 2986 plerumque
1106 2915 1253 2974 omitteret
1274 2908 1338 2974 Ari-

81 3043 86 3054 ·
182 3017 307 3076 stodemi
329 3016 419 3077 verba
442 3015 532 3074 Stoici
556 3015 718 3084 cuiusdam,
746 3013 830 3074 cuius
853 3013 961 3072 librum
984 3017 1130 3088 quendam
1153 3017 1226 3076 locis
1249 3033 1338 3091 appo-

183 3119 248 3189 snrs
270 3119 321 3190 (6.
346 3119 434 3176 verna
456 3117 633 3178 Aristonem
656 3123 688 3174 ut
711 3115 872 3175 666666.
896 3106 1070 3198 666666).
1084 3133 1109 3176 e.
1123 3116 1247 3182 coeant
1261 3135 1337 3178 vers.
1415 3139 1417 3143 ·

183 3224 229 3283 lat.
243 3237 268 3278 6.
284 3219 333 3278 14.
347 3219 397 3280 20.
422 3220 549 3290 eundem
572 3218 703 3290 increpat
718 3233 742 3276 c.
756 3215 785 3277 3.
798 3218 828 3276 4.
841 3215 869 3278 5.
884 3218 912 3278 6.
925 3217 955 3279 8.
968 3219 997 3279 9.
1011 3220 1061 3279 12.
1075 3217 1125 3280 18.
1139 3220 1189 3279 21.
1203 3229 1339 3282 auctores

183 3325 219 3383 66
242 3339 274 3382 66
296 3323 405 3382 rustica
428 3329 497 3382 tres,
511 3320 609 3378 citavit
630 3319 754 3378 Aristod.
779 3337 804 3382 6.
817 3320 910 3380 2016.
925 3337 983 3380 666.
996 3339 1073 3380 vers.
1086 3323 1145 3394 lat,
1169 3323 1204 3380 cf.
1228 3322 1339 3380 Tullius

183 3442 207 3483 6.
224 3423 280 3500 21)
303 3425 439 3482 refutavit
460 3423 641 3493 Plutarchus
665 3422 848 3483 abbreviator
870 3432 966 3483 autem
989 3439 1097 3482 nornen
1121 3424 1184 3480 eius
1207 3424 1238 3480 in
1255 3439 1331 3480 mar-

184 3527 251 3600 gine
273 3535 375 3586 661666
398 3525 469 3582 6666
492 3524 606 3582 666666
627 3525 743 3599 illorum
771 3525 836 3582 loeo
865 3532 897 3581 ut
919 3532 1082 3583 ceterorum
1105 3523 1339 3582 testimoniorum

184 3643 260 3700 qnae
294 3627 393 3686 omisit
418 3624 595 3695 asteriscum
619 3629 726 3698 posuit
776 3629 865 3688 Plane
892 3628 998 3688 falsum
1027 3627 1104 3684 enirn
1133 3633 1178 3684 cst
1205 3627 1284 3700 6666
1312 3634 1341 3686 et

182 3729 265 3788 Wolf
284 3730 328 3802 (6.
346 3727 387 3787 10
401 3727 508 3802 66661.)
532 3726 717 3800 quiprirnus
739 3733 818 3790 6666
841 3731 948 3789 librum
971 3745 987 3788 6
1010 3729 1111 3791 666166
1134 3729 1339 3789 tuncHafniac

183 3837 300 3904 reperto
333 3839 402 3903 post
434 3829 556 3891 Fabricii
586 3830 745 3903 specimina
775 3833 807 3890 B.
831 3832 879 3905 Gr.
903 3829 1166 3906 1111626845
1190 3831 1281 3890 edidit
1312 3841 1340 3892 et

186 3933 376 4008 wyttenbaoh
412 3934 446 4005 (l.
461 3942 546 4006 6.,6.
556 3927 628 3993 946.
646 3930 708 3992 976
736 3933 820 3991 66166
848 3935 968 3994 omnino
996 3936 1082 4007 plane
1108 3949 1279 4008 peruersum
1303 3935 1339 3993 66

184 4037 241 4094 666
263 4051 353 4110 66666
375 4035 516 4097 iudicium
539 4036 599 4107 est)
623 4035 660 4093 66
682 4035 805 4109 dialogo·
821 4052 888 4094 cum
911 4035 1095 4095 Aristodemo
1119 4035 1254 4112 cogitant.
1300 4037 1341 4092 lta

185 4137 293 4197 factum
327 4147 374 4197 est
405 4144 440 4196 ut
471 4137 617 4200 omitteret
642 4137 668 4194 is
696 4131 757 4210 orti*
773 4137 904 4195 codicem
932 4138 1028 4196 Wolfii
1055 4138 1174 4212 scripsit
1195 4136 1277 4196 edd
1300 4137 1339 4194 in.

90 4237 96 4248 '
187 4240 367 4300 mentionem
394 4239 460 4297 libri
489 4239 525 4298 de
552 4239 702 4298 nobilitate
725 4239 904 4310 Aristotelis,
933 4255 969 4298 ex
992 4249 1173 4313 666666666-
1195 4254 1252 4298 666.
1277 4238 1342 4297 Sto·

186 4341 293 4400 haeum
315 4342 400 4400 locus
424 4341 470 4400 hic
494 4343 599 4402 duetus
623 4340 718 4400 estid
743 4341 820 4412 quod
844 4342 992 4413 praeclare
1016 4342 1144 4400 ostendit
1167 4339 1343 4399 versioFer·
