2954 5034
674 358 774 416 45x

118 522 284 581 Aristotelis
309 539 379 582 vero
406 531 435 582 et
461 524 659 597 Theophrasti
682 524 793 582 indices
822 523 997 583 Favorinum
1024 526 1158 597 dedisse,
1190 528 1220 586 id
1246 529 1271 585 si

119 623 316 683 coniecturam
332 625 520 684 verisimilem
541 625 660 698 uiridem
678 625 845 683 coniectura
860 642 967 699 augere
983 626 1065 698 velis,
1089 627 1273 686 confirmabit

118 724 368 789 Democritcorum
401 711 489 784 inden
521 726 597 784 sicut
618 732 742 784 ceterae
776 727 918 801 Thrasylli
957 727 1110 786 citationes
1145 727 1190 801 (9,
1213 728 1272 803 41)

118 838 179 882 οοο
208 841 245 883 ex
268 824 338 901 'ipso
365 818 454 885 huius
480 827 555 885 libro
583 834 703 887 sumtus¹¹
717 825 781 882 'sed
809 842 845 884 ex
872 839 1023 899 eo'quem
1039 828 1131 886 'initio
1154 829 1199 902 (9,
1215 829 1273 902 31)

118 934 259 993 memorat
286 928 442 1000 Favorino,
478 929 525 986 cui
553 929 728 999 Protagorae
757 922 875 1000 quoque
906 942 1023 986 omnem
1045 929 1113 986 ¹iere
1139 930 1272 991 notitiam

118 1024 163 1098 (9,
181 1024 325 1086 51-54.
354 1031 389 1087 οΙ.
414 1026 443 1100 3,
460 1025 502 1087 57
531 1036 560 1087 et
583 1042 659 1101 quae
680 1040 770 1099 supra
792 1027 867 1100 dixi)
903 1028 1012 1087 debere
1035 1030 1271 1101 deprehenditur.

118 1127 177 1184 Sed
209 1128 273 1186 sive
300 1145 316 1186 e
344 1131 485 1190 Favorino
519 1128 675 1202 exscripsit
707 1127 853 1200 Diogenes
886 1127 948 1186 sive
984 1143 1021 1185 ex
1053 1127 1110 1186 alio
1145 1131 1273 1202 quodam

117 1228 269 1302 scriptore,
292 1226 322 1287 id
345 1231 508 1289 certissime
531 1236 645 1288 constat
667 1229 745 1286 hunc
761 1229 860 1301 ipsum
876 1244 964 1302 quem
980 1228 1113 1300 sequitur
1124 1239 1273 1293 auctorem

117 1316 254 1388 retulisse
278 1331 344 1388 illos
365 1337 479 1390 tantum
501 1320 614 1390 indices
638 1330 686 1402 qui
710 1330 746 1388 ab
769 1329 927 1387 Andronici
950 1336 1084 1403 tempore
1106 1330 1274 1391 serebantur

117 1446 251 1504 quosque
278 1424 357 1503 τοὺς
383 1429 441 1492 νῦν
467 1424 672 1515 φερομένους
697 1433 734 1490 ab
756 1430 925 1490 Andronico
952 1431 1058 1504 repetit
1084 1431 1171 1490 etiam
1192 1433 1273 1490 Plut-

116 1534 223 1589 archus
253 1548 344 1604 qunm
372 1534 423 1606 qui
450 1533 589 1607 Diogenis
616 1533 707 1590 indici
737 1532 906 1590 simillimus
934 1539 980 1590 est
1006 1538 1036 1589 et
1063 1534 1184 1590 eosdem
1211 1533 1272 1592 fere

104 1632 208 1697 ‚libros
231 1632 346 1692 citando
374 1635 501 1692 eundem
529 1634 639 1691 iontem
667 1634 813 1707 significat
837 1634 906 1692 licet
927 1649 945 1691 a
966 1633 1122 1692 recentiori
1145 1635 1272 1707 quodam

116 1736 349 1793 auctoremulta
369 1735 428 1794 iam
452 1736 603 1793 omittente
625 1737 723 1808 paullo
746 1736 903 1806 turbatum,
927 1732 1095 1792 Andronico
1118 1751 1151 1793 se
1172 1741 1279 1808 postes

117 1835 223 1894 riorem
251 1835 316 1908 ipse
343 1835 517 1894 confiteatur
544 1833 596 1909 (cfss
612 1836 750 1895 Wenrich
767 1833 844 1909 157)
875 1835 965 1897 index
990 1833 1150 1894 Ptolemaei
1177 1835 1275 1908 philo·

117 1936 202 2010 sophi
231 1937 410 2011 peripatetici
438 1953 526 2027 quem
554 1953 590 1996 ex
617 1939 693 1996 libro
720 1938 784 1996 eius
808 1939 860 2010 (de
882 1935 1047 1995 Aristotelis
1069 1936 1127 1995 vita
1150 1943 1179 1993 et
1200 1936 1273 1994 scri-

100 2027 233 2111 ptorum
256 2038 359 2095 ordine
383 2038 480 2096 Wenr.
498 2034 569 2097 237.
594 2039 686 2097 David
707 2039 738 2097 in
761 2045 815 2096 cat.
833 2035 958 2110 28,14)
985 2037 1042 2108 „ad
1055 2037 1187 2110 >Agallim
1203 2037 1273 2096 sive

116 2137 271 2210 Agalliam'’
306 2138 363 2210 (uti
387 2137 507 2195 Casiril
527 2156 555 2211 p.
572 2135 635 2198 306
657 2138 783 2198 Arabem
806 2145 1004 2196 consonantes
1025 2146 1139 2196 tantum
1161 2138 1273 2196 litteras

116 2269 162 2279 ..
181 2237 268 2311 Agim
287 2270 328 2278 —-
349 2244 511 2310 ponentem
534 2229 756 2310 interpretatur)
789 2239 819 2295 in
847 2237 1000 2296 Arabicam
1033 2238 1163 2310 linguam
1188 2237 1274 2300 vertit

117 2338 408 2409 Dschemaleddinus,
432 2337 468 2395 cs.
491 2338 743 2398 Hadschililralia
758 2339 790 2410 V,
807 2335 857 2398 75.
903 2337 958 2406 Qui
981 2338 1167 2398 Ptolemaeus
1194 2338 1272 2399 idem

91 2420 92 2423 Ἴ
115 2438 203 2498 luerit
224 2449 312 2512 quem
334 2439 516 2497 Platonicum
538 2448 623 2499 vocat
642 2435 862 2512 lamirionap.
887 2439 968 2498 Stoh.
992 2440 1050 2498 Ecl.
1067 2441 1152 2513 phys.
1168 2457 1197 2513 p.
1209 2439 1273 2502 904

117 2556 264 2614 quomque
276 2541 304 2599 in
314 2541 444 2599 Platonis
455 2542 604 2619 limacum
617 2549 845 2601 commentatum
856 2556 923 2599 esse
932 2541 1054 2600 Procius
1064 2536 1272 2615 (tarincas)

119 2643 202 2714 dicit3
227 2643 303 2700 idem
319 2642 446 2716 denique
461 2659 550 2718 quem
562 2644 730 2702 Priscianus
742 2642 840 2700 citavit
851 2641 882 2699 in
895 2641 979 2700 Vino·
992 2643 1101 2701 Bellov.
1115 2645 1199 2715 Speo.
1213 2652 1271 2708 nat.

116 2742 167 2816 23,
184 2741 234 2804 68.
279 2744 355 2802 Nihil
378 2745 456 2802 enim
483 2746 540 2803 hoo
562 2752 694 2821 tempore
716 2744 813 2803 valent
834 2742 1051 2800 Platonicorum
1072 2749 1103 2800 et
1124 2743 1273 2818 Peripate-

113 2849 238 2907 ticorum
262 2846 439 2904 discrimina.
483 2847 527 2904 Ab
550 2847 606 2903 hoc
629 2854 725 2903 tamen
749 2844 835 2901 ambo
858 2841 899 2900 illi
921 2843 1083 2917 Ptolemaei
1091 2845 1272 2919 peripatetici
1320 2908 1321 2911 Ἴ

116 2963 192 3021 qnos
215 2947 303 3005 citant
326 2946 404 3004 Sext.
428 2948 510 3021 Emp.
534 2964 563 3020 p.
580 2945 643 3005 612
666 2954 695 3004 et
714 2945 838 3019 Longin.
851 2961 896 3017 ap.
909 2945 1016 3018 Porplr.
1029 2946 1078 3004 vit.
1089 2947 1161 3006 Plot.
1178 2965 1207 3021 p.
1215 2945 1272 3008 131

117 3047 225 3107 diversi
258 3047 403 3106 videntur.
435 3048 470 3106 ci.
493 3049 576 3106 Fabr.
601 3049 633 3106 B.
657 3048 706 3106 Gr.
729 3048 763 3104 H.
780 3047 826 3118 ΙΙΙ,
843 3044 915 3108 504.
965 3048 1015 3105 llle
1047 3056 1143 3106 autem
1178 3048 1273 3122 philo-

116 3152 229 3224 sophus
252 3149 478 3222 Neopiatonicus
501 3158 531 3208 et
552 3167 569 3208 a
590 3149 807 3223 Neopiatonicis
828 3148 989 3208 lanmlicho
1004 3149 1109 3207 Proolo
1124 3148 1273 3215 Prisciauo

116 3251 220 3311 citatus
242 3256 344 3307 auctor
365 3250 436 3308 mihi
466 3266 533 3310 esse
563 3251 678 3310 videtur
705 3252 795 3310 libelli
823 3267 902 3310 nunc
924 3265 1042 3323 quoque
1064 3250 1171 3308 servati
1195 3244 1273 3329 περὶ

116 3342 283 3434 κριτηρίου
305 3344 361 3410 καὶ
382 3339 581 3434 ἡγεμονικοῦ
603 3368 691 3427 quem
708 3369 724 3411 e
740 3353 857 3410 duobus
872 3367 944 3410 mss.
958 3350 1099 3407 Parisinis
1111 3350 1273 3411 Bullialdus

116 3454 207 3511 edidit
228 3451 347 3511 Parisiis
363 3449 447 3510 1663
470 3454 507 3510 ad
528 3461 739 3511 astronomum*
753 3460 831 3509 uerte
854 3451 901 3507 cui
923 3448 1080 3520 adscripsit
1095 3447 1273 3510 editoruiiril

116 3554 326 3627 pertinentem,
360 3552 395 3608 ci.
425 3552 496 3611 Ptol.
526 3553 665 3610 Platonici
693 3569 738 3624 ap.
765 3552 868 3609 lambi.
903 3551 939 3608 de
967 3549 1064 3608 anima
1098 3550 1272 3609 seutentiam

116 3652 362 3713 materialisticam
385 3665 452 3710 cum
473 3651 546 3710 Ptol.
571 3654 607 3710 de
630 3653 724 3711 ariter.
747 3643 776 3726 p,
792 3651 834 3711 24
847 3667 902 3725 sq,
926 3653 963 3711 de
985 3650 1082 3710 anima
1104 3666 1192 3710 causa
1208 3667 1272 3710 cor·

116 3757 198 3830 poris
220 3760 356 3814 movente
378 3752 451 3811 Ptol.
475 3769 520 3827 ap.
544 3755 634 3813 Prisc.
657 3768 725 3812 cum
748 3757 766 3813 Ι.
791 3756 828 3813 de
850 3753 912 3812 crit
935 3749 1019 3827 plia
1031 3769 1075 3827 sq.
1118 3752 1160 3811 En
1184 3754 1272 3816 huius

117 3858 237 3931 quidem
264 3855 361 3914 indice
387 3855 546 3916 Ptolemaei
567 3856 825 3931 inconsideratius
849 3855 967 3915 coniicit
992 3855 1038 3914 W.
1060 3851 1122 3914 143
1151 3856 1187 3913 ci.
1208 3854 1271 3917 126

117 3962 189 4017 haec
210 3959 351 4031 pleraque
374 3957 472 4015 omnia
494 3960 530 4017 ab
553 3959 698 4018 Arabibus
730 3965 883 4042 conversa·
901 3957 1075 4032 cognitaque
1108 3957 1145 4014 iis
1165 3957 1271 4026 luisse,

118 4077 209 4135 quum
242 4059 338 4133 quivis
372 4059 424 4133 qui
456 4060 502 4119 rel
528 4059 665 4119 Averrois
695 4060 919 4123 commentarios
948 4060 1169 4132 perlustraverit
1199 4059 1272 4127 satis

118 4162 259 4234 intelligat
283 4176 344 4218 non
367 4162 440 4220 alios
468 4162 533 4221 fere
551 4162 715 4223 Aristotelis
740 4163 834 4221 libros
862 4177 949 4236 quam
971 4176 1027 4218 nos
1049 4177 1129 4221 nunc
1151 4174 1271 4233 quoque

118 4261 243 4333 legumus
272 4267 300 4318 et
323 4260 436 4322 Arabes
464 4265 619 4336 habuisse,
646 4280 698 4324 eos
725 4264 787 4322 scil.
816 4263 866 4336 qui
894 4262 1064 4322 versionum
1091 4262 1271 4319 arabicarum

119 4367 212 4417 aetate
238 4360 395 4419 aGraecis
423 4364 496 4436 ipsis
523 4364 579 4422 iam
607 4365 657 4424 diu
685 4367 738 4424 soli
763 4367 823 4423 iere
850 4365 1018 4436 legerentur
1042 4375 1177 4433 quosque
1203 4369 1270 4421 ante
