2992 5032
779 359 840 420 172
861 376 863 380 ’

231 540 302 591 stret
324 533 467 606 septimus
490 532 540 605 qui
563 530 610 590 hic
632 546 730 589 nonus
753 525 880 590 est'cum
898 532 1020 606 decimo,
1045 536 1079 592 cl.
1094 533 1210 592 Notices
1231 535 1396 594 ctcxtraits

232 621 457 723 6661666616.
481 635 516 691 Τ.
529 634 564 691 Vl
586 649 614 707 6.
631 629 788 704 497-34,
816 640 844 692 61
872 649 931 718 666
959 634 1027 692 item
1056 636 1086 694 in
1116 635 1396 704 66666616116666-

231 735 313 808 tique
335 751 511 807 quamquam
540 735 654 808 etipse
676 735 833 813 septimum
862 736 1096 817 6666166666,
1125 736 1160 794 cl.
1185 736 1293 795 Carnus
1316 737 1393 797 Hist.

232 838 286 894 666
315 836 452 894 animatur
481 836 555 894 d'Ar.
579 837 719 896 Discours
743 836 854 910 6661116.
879 854 907 910 6.
924 832 990 915 46).
1014 854 1016 858 “
1039 838 1103 896 Ν66
1118 845 1120 849 “
1137 854 1204 896 6666
1237 838 1325 898 66166
1357 841 1395 898 66

232 937 382 996 sterilitate
405 939 557 1011 fragmenti
580 946 728 998 auctorem
752 938 938 998 Aristotelem
965 955 1025 997 non
1053 941 1151 998 solum
1177 940 1225 998 ille
1253 942 1395 999 6616616·

231 1027 345 1120 (μύλη)
368 1041 451 1097 16666
475 1041 570 1098 docet-
583 1056 618 1098 66
641 1039 728 1099 Arist.
752 1042 827 1100 libro
844 1044 880 1101 de
893 1058 959 1116 gen.
973 1057 1019 1099 an.
1032 1041 1211 1099 verbotenus
1223 1042 1393 1115 descriptus

232 1138 318 1216 (638,
335 1138 463 1201 10-18
477 1163 511 1191 =
528 1139 614 1203 7756
627 1140 669 1200 27
682 1175 723 1183 ·—
735 1139 804 1221 34),
838 1160 915 1217 quae
941 1143 1019 1202 'milri
1046 1159 1095 1201 res
1122 1143 1198 1201 inter
1225 1142 1393 1202 certissima

232 1232 372 1314 6696166
399 1242 482 1316 signa
509 1249 555 1303 est
576 1277 619 1286 —
645 1253 780 1303 ceterum
803 1248 838 1305 de
867 1263 954 1304 causa
982 1245 1065 1303 illius·
1087 1240 1130 1302 rei
1158 1244 1230 1302 nillil
1251 1244 1392 1303 decernit

231 1353 333 1404 auctor
355 1345 385 1402 in
409 1344 541 1404 diversas
564 1347 725 1404 sententias
749 1348 886 1406 dubitans
910 1343 982 1420 638,
999 1344 1043 1407 18
1053 1363 1117 1420 666.
1142 1347 1203 1405 1666
1226 1355 1257 1405 nt
1279 1347 1329 1404 illc
1353 1347 1391 1403 66

231 1448 336 1522 spiritu
359 1462 494 1505 necnon
518 1446 579 1505 reri
602 1446 698 1506 simile
721 1457 767 1507 est
788 1451 860 1507 haec
883 1465 1001 1523 qnoque
1024 1465 1102 1520 eum,
1126 1447 1216 1506 utel
1235 1446 1271 1504 66
1288 1462 1390 1518 gener.

231 1551 338 1624 priora,
367 1548 511 1608 sumsisse
538 1564 573 1606 ex
596 1546 786 1610 Problemotis
809 1551 973 1610 Aristotelis
1002 1538 1124 1623 perditis
1138 1551 1226 1622 ’6666
1253 1548 1302 1606 616
1324 1548 1391 1621 1666

231 1652 267 1711 66
281 1636 324 1710 ea
346 1666 378 1711 re
401 1652 469 1710 citat
491 1649 578 1712 7756
593 1649 650 1724 37,
673 1639 846 1726 praesertim
869 1669 961 1726 qeum
982 1653 1073 1710 verba
1094 1666 1213 1725 qnoque
1235 1650 1390 1724 fragmenti

230 1755 332 1813 ultima
348 1751 435 1814 6386
451 1750 491 1811 15
506 1769 569 1825 sqq.
594 1744 647 1814 ὅτι
669 1748 792 1814 πολλοὶ
814 1745 923 1834 ἰατροὶ
934 1759 987 1811 etc.
1013 1768 1049 1810 ex
1065 1752 1121 1810 alio
1134 1750 1233 1824 potius
1246 1751 1391 1824 scriptore

231 1863 368 1929 excerpta
390 1871 457 1913 esse
478 1855 550 1913 illud
574 1845 626 1915 ὅτι
650 1856 783 1915 videatur
805 1855 969 1930 significare
982 1880 1023 1896 —
1036 1856 1088 1912 666
1111 1853 1183 1911 11166
1205 1853 1290 1940 etiam
1308 1854 1391 1925 6666

231 1975 265 2017 66
287 1959 352 2032 1666
374 1952 519 2015 sententia
545 1956 602 2015 hoc
629 1957 704 2015 libro
731 1958 905 2030 proponitur
927 1957 963 2014 66
986 1956 1142 2015 Aristotele
1165 1955 1195 2013 in
1218 1943 1297 2013 lde
1320 1970 1389 2027 gen.

231 2075 276 2119 an.
299 2058 328 2133 2,
344 2059 374 2116 4.
391 2054 478 2118 7396
495 2054 621 2119 13-20
654 2057 777 2117 relntcta
796 2076 820 2117 ‘e
849 2064 905 2132 666
940 2049 1075 2136 σπέρμα
1107 2057 1227 2131 spiritus
1261 2058 1317 2129 ope
1352 2058 1390 2114 ab
1476 2038 1479 2043 ⁸

112 2195 114 2199 ·
231 2169 356 2236 utroque
390 2167 509 2234 parente
543 2160 605 2219 viro
638 2169 667 2220 et
693 2162 907 2220 seminatores
935 2159 1076 2218 emissum
1100 2191 1141 2205 -——
1163 2174 1229 2217 uam
1258 2155 1390 2231 gignitur

229 2268 341 2322 tanturn
366 2261 390 2320 si
413 2255 577 2336 utrumque
595 2278 697 2339 semen
712 2250 823 2322 'eodem
846 2267 998 2321 momento
1020 2261 1184 2334 proiectum
1202 2250 1389 2336 (61666366

229 2364 259 2426 9.
277 2361 326 2424 13.
344 2363 394 2423 tt.
412 2361 465 2440 38)
500 2371 579 2420 recta
612 2365 725 2421 ratione
759 2365 946 2437 coniungitur
979 2358 1146 2439 (637624)
1169 2399 1211 2409 -
1242 2362 1389 2420 6616666

230 2464 337 2522 semina
370 2478 475 2521 rursus
509 2469 666 2537 utrumque
682 2488 684 2490 ·
700 2464 999 2538 spiritu-retrahatur
1031 2462 1079 2542 (61.
1097 2461 1182 2524 6346
1198 2460 1249 2522 34.
1267 2461 1339 2536 636,
1356 2463 1387 2520 4.

230 2559 455 2636 637,15-35.
480 2564 515 2621 61.
533 2561 618 2624 6356
634 2561 682 2642 3);
704 2564 803 2624 contra
827 2563 975 2625 Aristoteli
997 2567 1045 2624 hic
1067 2581 1185 2639 666666
1206 2574 1240 2625 ut
1261 2562 1389 2627 6116166

229 2655 358 2748 θερμὸν
392 2665 498 2725 dicitur
523 2668 553 2725 in
577 2675 659 2727 utero
694 2670 772 2741 6666
807 2669 900 2726 trahat
932 2668 986 2726 viri
1010 2683 1111 2725 semen
1134 2663 1279 2742 (73964.
1296 2667 1386 2726 961.
1424 2738 1425 2741 ¹

229 2762 316 2828 Arist.
336 2776 443 2828 'contra
465 2763 626 2828 eorundem
651 2771 824 2828 seutentiam
848 2769 1108 2844 66661611666116
1126 2769 1248 2829 seminis
1263 2771 1387 2829 masculi

230 2871 391 2930 emissione
414 2867 503 2932 7376
518 2872 558 2930 27
570 2869 696 2946 ε-738,
714 2870 754 2948 6).
792 2872 926 2930 ‘Omnino
950 2887 1018 2929 vcro
1038 2871 1145 2930 ¹omnis
1168 2871 1275 2930 111666
1297 2887 1388 2945 gene-

196 3004 199 3008 ·
229 2972 351 3031 rationis
374 2988 463 3030 causa
484 2974 616 3031 doctriua
638 2975 744 3034 mirum
768 2982 814 3033 est
835 2981 976 3047 quantum
1005 2980 1034 3030 et
1056 2975 1092 3031 66
1115 2972 1303 3045 antiquorum
1323 2990 1387 3032 me,-

229 3074 420 3145 dicornmque
449 3077 609 3134 sententias
637 3076 756 3133 accedat
788 3084 817 3134 et
847 3075 934 3133 simul
956 3074 1143 3133 Aristotelem
1167 3080 1307 3157 sequatur
1329 3076 1386 3134 666

229 3176 311 3250 16666
339 3167 566 3248 oppugnantem.
612 3177 684 3235 Nem
710 3193 777 3236 uon*
798 3176 894 3234 solum
922 3191 1025 3235 eorum
1053 3177 1120 3234 curu
1142 3174 1298 3234 Aristotele
1320 3176 1386 3249 opi-

228 3279 310 3336 nioni
334 3277 467 3336 studiose
488 3277 660 3337 adversatur
682 3281 789 3352 661666
813 3277 945 3336 inlusio
968 3279 1033 3352 ipso
1056 3285 1140 3335 utero
1164 3277 1196 3336 lit
1215 3263 1385 3359 ἦόἰφεσις

230 3376 330 3454 (6346
346 3376 396 3438 29.
416 3376 487 3452 637,
504 3377 554 3439 15.
572 3378 659 3440 6376
674 3378 716 3440 32
731 3413 773 3421 -
789 3376 861 3452 638,
878 3378 906 3438 1.
942 3382 978 3439 61.
1002 3380 1053 3437 66.
1066 3376 1139 3453 739,
1155 3376 1205 3440 35.
1234 3379 1383 3452 Η6666611.

229 3498 275 3555 66.
307 3482 407 3539 66166.
427 3481 457 3551 4,
480 3478 551 3540 596.
591 3492 692 3542 contra
730 3484 795 3557 ipse
826 3483 887 3541 Gal.
915 3480 986 3543 593.
1008 3479 1144 3542 601616.
1184 3466 1383 3556 6161661,

229 3581 301 3643 375.
319 3580 389 3642 376.
406 3582 482 3659 469)
512 3586 565 3642 666
598 3587 685 3643 etiarn
707 3574 888 3642 medicorum
911 3586 1016 3658 placito
1041 3585 1147 3644 celebri
1181 3583 1311 3660 (Praxag.
1336 3598 1382 3657 ap.

230 3686 330 3744 Galen.
347 3683 398 3758 19,
413 3685 485 3746 449.
509 3687 594 3761 Η166.
620 3688 656 3745 66
679 3686 767 3760 genit.
784 3683 856 3745 374.
873 3683 945 3745 379.
971 3686 1132 3743 66666666
1153 3701 1235 3743 sacro
1249 3681 1382 3762 59466.)

229 3821 271 3829 -
293 3803 390 3862 66666
418 3789 497 3848 aliud
523 3790 584 3847 vult
610 3787 705 3861 ipsius
728 3786 856 3845 Platonis
885 3791 913 3842 et
933 3785 1043 3843 ,Dioclis
1071 3788 1106 3842 66
1130 3782 1256 3841 medulla
1280 3785 1382 3844 semen
1415 3784 1419 3789 ’

229 3876 340 3951 ferente
369 3892 467 3966 opinio
495 3907 584 3964 quam
599 3887 704 3946 'reiicit
726 3887 811 3945 Arist.
837 3888 872 3943 66
895 3890 966 3956 part.
990 3883 1082 3954 662,
1100 3880 1165 3942 6.7
1188 3890 1216 3942 61
1239 3892 1340 3943 auctor
1358 3887 1381 3944 l.

229 3994 265 4052 66
278 3994 348 4067 spir.
364 3988 518 4052 484615.
535 3970 587 4061 20,
610 3991 644 4046 61.
661 3987 731 4045 Tim.
749 3983 798 4044 73.
812 3984 862 4044 91.
885 3981 1183 4045 766666610016.
1207 3986 1379 4061 Pseudorig.

227 4096 298 4170 phil.
322 4097 366 4154 ed.
392 4095 484 4151 Miller
509 4083 616 4162 6137
635 4104 679 4158 66.
713 4085 797 4158 Hipp.
829 4087 865 4142 de
893 4079 1161 4157 66611.371-’-72
1190 4088 1240 4128 ·-'
1258 4104 1294 4146 ex
1308 4090 1313 4095 ”
1323 4105 1381 4160 666

227 4200 327 4256 semen
351 4176 643 4264 616666161661616
666 4187 790 4260 partium
814 4187 927 4246 666166
939 4188 1093 4248 coniuncta
1104 4195 1211 4260 teneat,
1235 4190 1382 4264 colligitur

227 4314 262 4358 ex
285 4297 422 4355 universo
445 4305 567 4361 corpore
590 4284 713 4362 eiusque
736 4288 867 4362 partibus
890 4290 1028 4350 omnibus
1056 4286 1142 4366 (637,
1160 4288 1255 4364 5666.
1280 4293 1315 4349 61.
1331 4292 1377 4350 Ar.

227 4401 262 4456 66
285 4407 383 4468 gener.
407 4406 453 4448 66.
471 4389 501 4463 1,
517 4388 557 4450 17
571 4397 614 4464 66.
639 4390 674 4448 61.
698 4389 997 4470 Ρ6661.4,1·5616.);
1033 4395 1132 4451 contra
1150 4405 1245 4466 ‘quum
1268 4392 1379 4450 1161616-
