3160 5222
775 409 816 469 '5⁴2

223 587 251 639 et
272 581 338 640 libri
361 598 465 642 ornnes
487 583 651 656 peculiares
675 581 693 637 ii
717 580 825 654 quibus
837 590 920 634 more
932 570 1124 644 Theophrasti
1139 569 1241 642 (euius
1254 567 1380 626 duorum

222 682 260 739 de
287 683 459 768 Anaxagora
485 683 627 741 librorum
654 665 778 739 alterum
805 677 873 735 citat
900 675 1002 748 Simpl.
1031 673 1062 732 in
1083 671 1172 746 Phys.
1197 670 1264 728 Sch.
1282 663 1380 738 3351),

223 783 260 840 cl.
278 800 324 858 ap.
342 785 374 842 D.
391 787 423 842 L.
443 781 473 856 5,
488 783 539 842 42.
557 780 608 842 43.
625 781 676 838 44.
694 777 744 839 at.
762 777 803 838 49
831 777 948 835 libellos
976 775 1013 834 de
1034 773 1216 832 Anaximene
1239 770 1381 830 Archelao

225 881 355 958 Diogene
385 884 549 943 Democrito
580 883 746 940 Metrodoro
779 877 923 953 Aeschylo
953 875 1132 946 Xenocrate)
1166 873 1231 946 ipse
1263 885 1383 946 utroque

224 983 396 1043 Aristoteles
423 991 557 1043 veterum
583 985 828 1059 pbilosophorum
855 982 991 1054 dogmata
1018 986 1046 1036 et
1068 975 1232 1050 explicasse
1255 981 1284 1032 et
1304 973 1352 1034 rel
1369 1001 1384 1015 ·

226 1089 303 1142 tasse
325 1085 497 1160 perhibetur
518 1092 619 1159 utpote
642 1087 693 1162 qui
715 1083 867 1160 scripserit
889 1082 924 1140 de
946 1079 1052 1153 Magis,
1076 1079 1112 1136 de
1134 1077 1324 1147 Alcmaeone,
1348 1076 1385 1134 de

225 1183 416 1260 Xenophane,
439 1188 622 1257 parmenide,
646 1186 775 1256 Melisso,
799 1186 927 1254 Zenone,
951 1182 987 1239 de
1000 1180 1124 1254 Gorgia,
1136 1180 1172 1236 de
1183 1177 1383 1254 Pythagoreis,

227 1286 264 1343 de
285 1287 420 1362 Platone,
445 1288 625 1364 Speusippo,
650 1288 813 1346 Xenocrate
837 1285 888 1358 (ct.
913 1283 1000 1342 etiam
1023 1283 1059 1340 de
1083 1281 1247 1342 Democrito
1270 1281 1387 1354 proble-

228 1375 334 1460 mata);
368 1405 460 1462 quum
492 1397 590 1448 tamen
618 1389 814 1465 philosophus
841 1387 866 1446 si
894 1385 1031 1458 antiquos
1060 1383 1179 1442 adhibet
1205 1391 1234 1440 et
1260 1382 1388 1440 breviter

228 1489 285 1546 hoc
307 1489 375 1548 tacit
396 1507 451 1549 nec
474 1491 614 1550 historiae
642 1506 730 1550 causa
757 1496 789 1548 ut
811 1488 923 1563 posteri
950 1486 1003 1546 sed
1030 1484 1087 1557 ipsi
1115 1485 1320 1560 philosophiae
1341 1483 1387 1544 in·

228 1597 326 1650 tentus
360 1592 411 1664 (ci.
435 1592 559 1666 Metapb.
584 1589 613 1663 1,
633 1589 662 1652 3.
683 1588 771 1652 9831)
790 1592 819 1649 4.
843 1592 930 1666 Phys.
945 1587 974 1660 1,
987 1587 1016 1646 2.
1030 1583 1101 1657 185,
1115 1582 1157 1644 18
1172 1614 1215 1626 -
1235 1575 1302 1661 abac
1323 1578 1388 1666 γὰρ

229 1681 477 1778 φιλοσοφίανῆ
502 1685 655 1778 σκέψις),
689 1709 791 1767 sparsa
824 1693 855 1752 in
882 1691 939 1752 illis
974 1705 1049 1764 quae
1083 1688 1179 1746 ioveat
1204 1687 1389 1760 illustretque

229 1794 359 1852 veritatis
394 1795 507 1853 semina
539 1794 682 1868 colligens
715 1793 918 1867 principiaque
950 1806 1098 1852 consensu
1126 1788 1318 1861 confirmans;
1353 1787 1390 1847 de

231 1909 290 1965 que
313 1894 378 1969 ipse
401 1895 471 1954 dicit
492 1891 725 1969 Meteph.1,10
747 1895 798 1968 (ci.
813 1892 842 1967 1,
855 1894 874 1954 7
887 1893 940 1970 in.)
964 1894 1014 1967 qui
1037 1894 1112 1952 liber
1134 1890 1273 1950 historiae
1294 1891 1390 1964 philo·

232 1995 393 2068 sophorum
417 1996 572 2056 universae
595 1997 740 2070 quaedam
767 1996 950 2054 adumbratio
978 1994 1067 2072 huius
1089 1993 1250 2052 litterarum
1272 1992 1391 2066 generis

232 2098 311 2169 apud
333 2106 469 2172 posteros
492 2098 578 2171 quasi
601 2097 717 2156 initium
739 2097 794 2156 tuit
816 2104 846 2156 ct
866 2097 994 2172 primum
1018 2095 1174 2168 exemplar.

316 2199 410 2258 liuius
430 2200 554 2258 rationis
577 2198 739 2272 specimina
761 2207 877 2258 servata
897 2199 1025 2273 legimus
1047 2204 1107 2256 tres
1129 2195 1222 2253 libros
1245 2193 1393 2252 dexenos

231 2297 338 2372 phane,
361 2300 398 2358 de
420 2301 549 2374 Melisso,
574 2302 610 2358 de
634 2299 751 2372 Gorgia,
774 2300 854 2358 nullo
878 2299 957 2358 inter
979 2315 1011 2359 se
1028 2314 1107 2358 nexu
1118 2304 1152 2354 ut
1162 2295 1236 2354 salso
1249 2296 1393 2354 conclusit

233 2399 356 2459 Mullacb
381 2401 427 2474 (in
450 2404 519 2462 edit
543 2402 639 2461 Berol.
655 2398 739 2460 1845
761 2402 852 2475 praet.
864 2418 893 2474 p.
906 2401 965 2458 XV.
978 2400 1073 2458 Zeller
1083 2400 1104 2470 l,
1117 2393 1195 2470 135)
1208 2398 1392 2456 coniunctos

233 2515 288 2559 nee
310 2503 404 2576 magis
427 2503 627 2576 Theophrasto
651 2501 791 2578 (Brandis
815 2500 919 2560 Gesch.
937 2502 965 2562 d.
982 2501 1054 2560 Phil.
1071 2498 1101 2572 1,
1117 2496 1197 2571 358)
1220 2515 1309 2572 quam
1327 2497 1393 2558 Ari·

233 2599 331 2661 stoteli
354 2602 493 2675 (Xrische
504 2603 623 2662 Forsch.
638 2601 667 2676 1,
679 2601 737 2677 89)
761 2609 793 2661 ut
814 2610 893 2662 recte
915 2603 1053 2665 iudicavit
1075 2603 1126 2662 Tb.
1142 2601 1240 2674 Bergk
1261 2599 1394 2658 tribuen-

233 2703 298 2775 dae,
322 2718 360 2762 ne
382 2702 439 2778 ipsi
462 2704 581 2778 quidem
604 2713 636 2764 ut
658 2705 774 2764 videtur
796 2705 946 2780 Simplicio
962 2705 1130 2779 quibusque
1145 2701 1394 2776 illepotissinaum

233 2819 308 2863 usus
331 2812 376 2863 est
397 2805 559 2882 Porphyrio
583 2813 611 2864 et
629 2806 794 2876 ,lambliebo
816 2808 919 2880 lectos,
943 2823 1037 2880 quum
1059 2821 1135 2879 quae
1157 2803 1287 2863 auctiora
1306 2804 1395 2865 habet

234 2913 263 2964 et
284 2901 420 2979 ampliata
443 2915 545 2966 auctor
566 2905 634 2966 libri
657 2907 693 2964 de
716 2907 897 2984 Xenophane
921 2907 971 2982 qui
987 2907 1107 2981 quidem
1122 2905 1286 2966 secundum
1300 2905 1395 2965 Theo·

234 3006 347 3080 phrasti
379 3008 523 3066 rationem
553 3015 581 3067 et
609 3008 735 3067 tortasse
769 3011 936 3084 exemplum
969 3009 1057 3084 primi
1085 3007 1205 3068 Eleatici
1232 3007 1410 3086 doctrinam¹

233 3108 430 3167 recentiorum
452 3107 586 3168 ionnulis
609 3119 638 3168 et
661 3110 880 3180 dialecticorum
906 3110 1024 3186 loquela
1051 3109 1223 3170 adulteravit
1250 3108 1301 3181 (ct.
1318 3107 1392 3168 Plut

235 3223 281 3281 ap.
297 3207 405 3268 Enseb.
422 3227 450 3285 p.
468 3226 493 3269 e.
508 3208 537 3283 1,
549 3209 579 3286 8,
593 3207 644 3286 5),
683 3213 786 3271 eadem
820 3229 856 3272 ex
889 3212 1083 3286 Theophrasti
1115 3211 1238 3286 physica
1270 3210 1396 3270 historia

236 3307 354 3384 (Simpl.
377 3312 409 3370 in
431 3313 518 3390 Phys.
542 3315 561 3373 l.
576 3313 610 3388 6)
639 3329 727 3388 quam
755 3329 791 3374 ex
818 3316 875 3374 hoc
897 3321 1017 3372 auctore
1041 3313 1091 3387 qui
1113 3312 1262 3372 terebatur
1282 3311 1396 3372 Aristo-

233 3411 308 3470 teles
331 3428 449 3473 sumere
471 3417 606 3475 maluerit
629 3415 798 3489 Simplicius
821 3431 919 3488 noque
941 3401 1029 3474 etiam
1051 3414 1140 3472 alium
1163 3413 1271 3471 librum
1294 3414 1397 3488 singu-

235 3513 325 3571 larem
348 3514 497 3575 Aristoteli
510 3517 690 3591 adseriptum
706 3509 792 3599 πρὸς
802 3508 1018 3598 Παρμενίδην
1033 3531 1121 3590 quern
1135 3514 1272 3574 omittunt
1283 3515 1395 3574 indices

234 3614 277 3672 lo.
301 3615 482 3691 Philoponus
505 3618 563 3675 nisi
587 3619 662 3678 tama
685 3629 803 3694 accepta
826 3620 997 3696 cognoverit
1012 3618 1057 3690 (in
1069 3618 1156 3690 Phys.
1170 3616 1237 3674 Scb.
1251 3612 1338 3674 331b
1350 3613 1394 3689 1).

235 3715 277 3774 De
298 3717 479 3792 Xenophane
501 3720 580 3775 hunc
603 3735 670 3777 esse
698 3721 806 3779 librum
834 3721 884 3795 qui
913 3721 1001 3794 vulgo
1026 3721 1062 3778 de
1085 3720 1203 3776 Zenone
1226 3717 1416 3776 inscribitur·

182 3831 193 3880 ·,
236 3823 322 3886 etex
347 3819 509 3878 sententiae
536 3826 638 3877 tenore
660 3822 844 3895 theologico,
871 3828 993 3895 propter
1020 3835 1108 3894 quern
1137 3819 1174 3876 ad
1202 3818 1396 3892 theologicam

114 3987 116 3990 ,
171 3969 174 3975 ,
234 3919 333 3992 potius
356 3920 507 3998 historiam
530 3935 618 3992 quam
641 3922 676 3980 ad
700 3922 851 3998 physicam
867 3909 1022 3997 ,pertinere
1037 3921 1229 3994 Xenophanis
1245 3920 1396 3979 doctrinae

236 4019 450 4092 expositionem
473 4035 561 4094 quam
589 4021 619 4079 in
643 4024 699 4081 hoc
727 4031 826 4083 tamen
853 4025 993 4100 physicae
1016 4023 1155 4082 historiae
1183 4023 1248 4081 loco
1272 4023 1400 4082 instituit

236 4121 454 4194 Theophrastus
484 4137 629 4181 excusans
658 4125 731 4183 dixit
764 4107 1147 4200 (et.Zeller1,'137not),
1183 4131 1212 4181 et
1239 4139 1275 4181 ex
1303 4124 1398 4198 ipsius

236 4224 363 4282 auctoris
387 4223 482 4282 verbis
507 4226 641 4300 sequitur
662 4227 790 4286 Zenonis
814 4227 976 4288 doctrinam
998 4228 1034 4285 ab
1057 4242 1092 4284 ea
1114 4241 1203 4299 quam
1226 4225 1309 4284 initio
1329 4239 1399 4298 pro·

235 4325 335 4397 posuit
358 4325 466 4382 diserte
490 4325 686 4387 discernentis
709 4347 737 4403 p.
755 4326 861 4400 uteo
883 4329 974 4402 (quae
997 4333 1135 4401 corrupta
1156 4327 1233 4384 nrale
1256 4324 1400 4385 intellexit

235 4423 369 4497 Zellerl,
384 4421 446 4485 135
460 4429 537 4501 not.)
564 4431 599 4488 ot.
618 4431 741 4490 liuliaob
757 4449 785 4506 p.
800 4429 850 4490 61.
875 4431 967 4516 Sicut
978 4445 1048 4488 vern
1072 4443 1147 4502 quae
1165 4428 1201 4486 de
1218 4428 1399 4503 Xenophane
