3160 5222
679 437 722 502 25

123 617 247 670 utonem
270 611 355 670 cuins
377 610 688 697 personaminlerunt
709 611 808 670 orrtnia
829 611 999 686 composita.
1047 611 1229 684 Quapropter
1250 618 1279 668 at

18 723 20 740 ’
124 712 210 770 ethici
233 712 299 770 libri
323 711 489 786 singulares
511 712 638 785 primum
662 714 850 784 quaestiones
874 715 1007 788 negando
1030 715 1091 772 iere
1106 695 1280 772 definientes

104 812 256 886 ansgisii-i
278 813 437 872 memoriae
459 813 490 870 in
513 813 598 872 cuius
620 813 743 886 gretiam
770 813 963 888 seriptisunt
984 821 1016 874 ut
1038 822 1201 874 ceterorum
1225 813 1279 872 So·

18 897 20 982 ξ
93 922 96 930 ’
125 913 299 971 araneorum
322 913 429 991 dialogi
452 914 518 988 ipso
541 923 714 986 argumento
737 915 889 989 propiores
911 917 1094 989 praecedunt·
1110 914 1278 977 dialecticos

18 1009 20 1078 l
125 1021 153 1074 et
174 1015 416 1084 universaliores,
445 1019 474 1071 et
496 1014 526 1072 in
550 1014 653 1072 ethicis
680 1016 753 1090 ipsis
775 1017 795 1074 ii
818 1017 868 1090 qui
891 1016 1080 1090 magissunt
1106 1014 1278 1090 apologetici

18 1133 20 1192 3
125 1131 177 1176 eos
200 1117 251 1190 qui
274 1113 400 1180 docendi
421 1114 515 1188 magis
538 1116 669 1174 studium
693 1119 861 1179 ostendunt.
905 1117 1059 1178 scribendi
1075 1118 1153 1176 enim
1167 1117 1279 1176 Platoni

18 1209 20 1280 i
125 1213 240 1277 initium
268 1217 420 1290 primaque
449 1215 566 1274 occasio
594 1215 655 1275 init
676 1220 778 1278 eadem
803 1235 880 1292 quac
907 1219 1094 1292 Xenophonti
1121 1219 1280 1290 multisque

18 1329 20 1392 ς
124 1315 192 1374 aliis
212 1315 364 1392 discipulis
387 1317 498 1390 aliquot
517 1325 587 1390 post
609 1319 881 1380 condemnationem
908 1321 995 1378 annis
1024 1321 1076 1392 (ci.
1100 1320 1189 1378 Grote
1211 1317 1280 1389 vlit,

18 1437 19 1440 ¹
124 1435 152 1490 p.
169 1415 231 1478 ott
244 1421 306 1498 sq.)
335 1418 463 1479 Socratis
491 1419 625 1478 detonsio
653 1428 755 1480 contra
782 1421 914 1482 oratores
940 1419 1156 1494 factionemque
1179 1421 1280 1478 dento-
1352 1415 1359 1430 ‘

18 1497 20 1574 .
125 1520 273 1592 creticam,
305 1521 342 1579 ab
370 1521 434 1594 ipsa
461 1521 590 1580 tortasse
613 1521 772 1596 Polycratis
807 1535 860 1582 sex
887 1523 973 1582 annis
999 1529 1068 1596 post
1093 1521 1280 1580 accusatione

18 1637 19 1640 ¹
125 1621 232 1694 scripta
264 1637 324 1680 non
351 1619 461 1680 valiona.
507 1621 586 1683 Ordo
613 1622 702 1696 igitur
733 1623 875 1684 librorum
902 1623 1032 1683 Platonis
1059 1623 1119 1682 iere
1146 1624 1194 1681 hic
1213 1630 1278 1682 cst:

18 1705 23 1788 ξ
123 1722 264 1796 Apologia
286 1721 579 1782 Crito-Alcibiadesl
601 1723 786 1799 uulhyphr03
818 1725 926 1786 deinde
948 1727 1063 1784 Laches
1083 1726 1169 1800 Lysis
1190 1725 1280 1784 Char·

18 1839 20 1846 ’
125 1822 219 1883 midas
241 1824 364 1898 Hippias
385 1823 478 1884 maior
499 1825 536 1882 ad
559 1841 686 1898 quorum
707 1833 824 1900 tempus
839 1827 960 1901 itippias
975 1826 1280 1885 minorationetiam

18 1985 20 1990 ,
125 1931 155 1982 et
176 1925 357 1984 Menexenus
379 1925 527 1999 pertinent
550 1926 658 1998 quibus
685 1943 744 1986 non
772 1927 845 1986 satis
868 1937 966 1988 certus
988 1930 1072 1988 locus
1094 1927 1280 1992 definiendus

18 2101 20 2108 Ι
67 2078 69 2084 .
125 2034 178 2085 est.
234 2027 277 2086 lle
301 2026 452 2086 Alcibiade
473 2026 497 2083 11
529 2033 559 2084 et
584 2029 701 2102 theage
725 2029 848 2088 dubium
876 2030 1016 2090 iudicium
1044 2037 1098 2088 est.
1142 2029 1204 2086 lam
1233 2043 1281 2088 se·

18 2165 19 2176 .
125 2134 257 2201 quantur
282 2135 351 2200 post
376 2119 563 2202 Protagoram
595 2137 675 2194 certo
705 2131 767 2188 iere
794 2131 897 2190 ordine
925 2133 1129 2206 ‘Euthydemus
1157 2129 1279 2204 Gorgias

18 2315 19 2318 Ἴ
125 2231 211 2288 blano
233 2230 408 2288 Theaetetus
430 2228 574 2303 Sophiste
597 2227 731 2302 Cralylus
756 2231 945 2296 Pannonides
970 2232 1106 2291 Politicus
1129 2233 1280 2292 Phaedrus

18 2323 20 2332 '
125 2331 179 2403 (de
195 2343 265 2402 quc
291 2330 378 2402 plane
405 2330 552 2388 assentior
577 2329 776 2403 He1·manuo);
814 2333 920 2392 deinde
948 2332 1136 2407 symposium
1163 2333 1286 2390 Phaedo

110 2430 247 2490 ¹Politeia
272 2430 409 2490 Timaeus
436 2429 541 2488 Critias
568 2428 706 2490 Philebus
732 2432 827 2506 Leges
860 2433 987 2507 denique
1015 2449 1081 2492 cnm
1108 2433 1281 2508 Epinomide

125 2547 201 2606 quae
227 2532 296 2592 sine·
320 2530 410 2592 dubio
442 2531 570 2606 genuina
599 2537 645 2588 est
671 2530 739 2594 licet
764 2543 946 2609 repugnante
957 2583 963 2590 .
975 2537 1103 2596 virorum
1126 2538 1279 2596 doctorum

18 2651 20 2700 ;
125 2649 290 2705 consensu,
319 2641 348 2693 ct
370 2632 574 2708 quaefultinta
600 2631 717 2693 videtur
737 2637 859 2710 epistola
889 2637 952 2696 sive
975 2639 1067 2698 oratio
1090 2637 1127 2697 ad
1149 2637 1281 2713 Dionysii

18 2781 19 2798 2
125 2735 323 2810 propinquos,
351 2734 505 2800 Isocratcis
533 2735 584 2808 (ci.
609 2735 727 2810 Dionys.
743 2737 814 2796 liei:
831 2739 875 2810 Vl,
892 2736 964 2798 782.
980 2737 1054 2812 780,
1077 2757 1200 2814 quarum
1223 2755 1281 2798 una

102 2843 237 2898 ,1111111
272 2837 384 2899 decima
417 2837 488 2896 laisa
517 2843 563 2894 est
595 2833 672 2895 sicut
698 2853 761 2898 uua
784 2841 914 2899 Platonis
941 2839 1094 2914 genuinas
1121 2841 1282 2914 Speusippi

18 2965 21 2980 ·
126 2953 246 3012 quoquo
268 2941 305 3000 ad
327 2939 499 3014 Dionysium
522 2945 553 2996 et
573 2937 696 2996 Dionem
719 2941 861 3014 epistolae
883 2941 909 3000 si
932 2957 973 3000 ex·
991 2941 1093 3015 fragm.
1117 2941 1148 3000 ll.
1166 2943 1197 3000 L.
1212 2941 1281 3012 4,2

125 3039 267 3098 iudicium
294 3040 417 3101 ierimus
450 3041 622 3114 suppositae
648 3049 743 3113 erant,
771 3043 807 3100 ci.
831 3042 863 3101 D.
880 3043 911 3102 L.
928 3043 959 3115 4,
975 3040 1009 3104 5:
1045 3044 1102 3102 boc
1135 3043 1216 3103 enim·
1245 3059 1282 3103 en

18 3167 20 3194 r
125 3141 325 3214 sophistarum
352 3141 410 3200 iam
432 3150 581 3204 moreest
603 3143 654 3217 qui
676 3143 805 3205 Platonis
824 3145 979 3205 Aeschinis
998 3145 1138 3219 Aristippi
1152 3145 1283 3206 zcratetts
1344 3163 1349 3185 ·

18 3297 19 3302 ,
125 3273 168 3290 ψ-
194 3243 231 3300 11.
260 3243 395 3305 Boissou.
426 3244 457 3302 in
474 3243 607 3302 ¹Notices
640 3251 669 3303 et
701 3245 826 3305 Extraits
857 3248 888 3304 T.
905 3248 942 3305 xl
964 3247 1036 3304 P.ll
1062 3263 1090 3320 p.
1108 3243 1210 3320 tsqq.
1240 3279 1281 3290 -

18 3337 19 3340 ’
125 3343 310 3418 aliorumque
333 3346 560 3408 Socraticorum
574 3353 603 3406 et
630 3347 750 3407 omnino
777 3348 1020 3422 philosophorum
1050 3348 1190 3421 epistolas
1213 3363 1283 3408 con·

125 3446 305 3516 scribebant,
337 3461 461 3520 quarum
483 3449 519 3507 ci.
544 3447 643 3508 Orellii
666 3450 884 3522 collectionem)
912 3450 1024 3508 ratione
1052 3449 1171 3519 similis,
1200 3465 1283 3522 prae-

124 3549 204 3608 clara
226 3548 275 3606 illa
297 3563 384 3621 quam
407 3549 509 3610 Cicero
534 3553 604 3612 dicit
625 3553 651 3612 si
674 3553 797 3625 quidem
816 3551 890 3608 duas
912 3549 977 3607 eius
992 3555 1091 3620 partes
1106 3549 1208 3608 nescio
1222 3563 1283 3621 quo

125 3663 199 3710 casu
221 3650 362 3721 (tortasse
385 3651 453 3723 quia
475 3652 565 3709 altera
580 3653 724 3724 quaedam
739 3650 776 3706 ad
792 3649 912 3706 eosdem
929 3647 1054 3722 epistola
1065 3649 1178 3722 perdita
1193 3657 1282 3722 asset,

126 3751 169 3812 ci..
186 3751 219 3810 ll.
236 3750 269 3808 L.
290 3747 320 3822 3,
342 3747 382 3809 61
411 3751 457 3808 ed.
487 3750 624 3824 Cobet.)
656 3750 755 3824 inepte
788 3748 928 3808 diremtos
962 3752 1023 3824 (ep.
1040 3749 1087 3806 Vll
1103 3757 1131 3809 et
1146 3749 1236 3823 11111)-
1255 3751 1284 3808 in

45 3887 49 3892 ’
126 3869 221 3914 unum
244 3851 511 3912 eiusdemtenoris
534 3853 641 3914 librum
663 3867 768 3911 rursus
789 3851 960 3926 coniungas.
999 3853 1030 3910 ln
1047 3869 1105 3926 qua
1120 3851 1197 3910 serie
1213 3854 1284 3912 certi

126 3957 255 4016 maxime
277 3954 419 4030 temporis
442 3963 512 4016 sunt
534 3971 610 4030 quae
638 3954 747 4029 quippe
770 3952 919 4012 orationes
940 3953 974 4012 in
993 3962 1089 4014 certas
1111 3955 1283 4016 occasiones
1333 3959 1336 3962 ’

127 4059 256 4133 scriptae
278 4058 382 4116 eodem
406 4053 474 4131 quo
488 4058 603 4118 habitae
625 4058 775 4131 finguntur
795 4061 926 4128 tempore
942 4055 1068 4131 scriptae
1083 4071 1284 4130 quoqueesse
1391 4085 1395 4093 =

129 4162 249 4233 debent,
271 4159 412 4234 Apologia
435 4162 476 4233 (c.
492 4159 538 4220 01.
555 4158 689 4232 961111),
705 4159 886 4218 Menexenus
901 4159 943 4231 (c.
955 4159 999 4218 01.
1011 4156 1063 4231 07,
1075 4153 1139 4230 21),
1154 4157 1285 4231 Epistola

130 4265 194 4337 (01.
211 4261 284 4334 107,
301 4259 345 4334 t).
390 4261 477 4330 (lund
499 4277 569 4320 vero
591 4269 659 4335 post
681 4264 755 4322 haec
776 4259 872 4319 studia
893 4259 924 4318 in
947 4261 1073 4334 politicis
1090 4261 1187 4318 denuo
1203 4265 1231 4316 et
1246 4258 1284 4315 ita

130 4365 250 4440 quidem
274 4372 387 4425 versata
409 4361 606 4424 strabonem
629 4363 862 4438 philosophicam
884 4377 952 4421 cum
975 4361 1114 4420 historica
1128 4361 1190 4418 lere
1203 4373 1285 4416 conr-

128 4475 244 4527 mutent
266 4467 347 4527 senis
370 4467 499 4527 Platonis
521 4466 614 4526 luisse
637 4472 758 4526 sumunt
773 4465 824 4539 (el.
842 4463 871 4521 0.
889 4463 918 4520 F.
931 4462 1079 4522 Hermann
1095 4463 1162 4522 Ges.
1179 4460 1282 4521 Abbdl.
