2954 5034
803 357 844 423 84

252 536 344 600 etet.
368 533 481 611 pet),
505 537 557 596 sed
581 544 700 610 propter
721 535 816 606 ipsam
840 533 1012 596 studiorum¹
1028 531 1172 595 tutionem
1193 528 1409 604 bominumque

252 639 398 715 pigritiam
425 655 441 696 a
469 623 677 711 metaphysicis
699 634 815 693 studiis
837 634 1057 692 abhorrentem.
1083 672 1086 677 -
1107 629 1195 690 Primi
1223 616 1409 706 Peripatetici

252 740 481 814 Theophrastus
491 737 640 794 Eudemus
662 735 881 810 Stratoaliique
896 733 1260 810 ignobilioresdiligenter
1274 733 1409 806 magistri

253 843 345 900 libros
377 843 603 898 retractaverant
635 845 722 911 atque
755 837 867 910 ingenti
900 837 1077 911 operositate
1111 836 1244 909 singulos
1258 845 1410 907 vquosque

254 939 507 1008 doetrinaelocos
529 953 585 995 nec
607 939 706 997 minus
728 938 851 1013 physica
871 936 1070 1012 metaphysica
1091 937 1185 1010 logica
1207 942 1296 1010 qnam
1315 935 1411 993 ethica

253 1049 282 1100 et
304 1039 443 1099 historica
465 1038 621 1096 scribendo
645 1040 872 1112 applicaverant,
901 1044 986 1101 aucto
1008 1052 1154 1096 novarum
1174 1032 1326 1096 sectarumv
1343 1037 1410 1110 ipse

253 1141 412 1203 certamine
435 1139 600 1221 studiorum
622 1141 745 1203 ardore..
781 1139 952 1208 Quaerere
976 1154 1067 1212 quum
1095 1139 1209 1212 aequali
1236 1138 1301 1195 iure
1324 1138 1410 1210 quasi
1465 1161 1468 1166 ¹

255 1241 430 1299 constitutae
452 1247 554 1303 essent
569 1242 839 1315 sententiarumque
853 1240 1006 1300 diversitas
1017 1239 1047 1298 in
1060 1235 1304 1297 consuetudinem
1317 1239 1411 1296 abiret

252 1348 343 1419 atque
365 1341 395 1398 in
418 1341 624 1415 negligentiam
648 1350 812 1414 certamen,
836 1358 905 1400 mox
932 1341 1012 1399 omni
1036 1354 1107 1400 aevo
1134 1342 1171 1398 ad
1193 1341 1307 1398 doctam
1331 1341 1410 1398 illam

256 1443 485 1522 mediocritatem
508 1448 646 1516 vergente
658 1429 742 1503 cuins
758 1457 846 1504 aurea
861 1442 948 1502 sedes
963 1443 1017 1501 fnit
1032 1456 1167 1500 museum
1180 1441 1410 1499 Afexmdrinnrn

254 1552 341 1619 atque
364 1544 511 1603 residente
533 1545 777 1618 pbilosophorum
798 1545 828 1603 in
849 1545 1056 1618 ,cognoscenda
1077 1552 1177 1602 retum
1198 1551 1302 1602 natura
1318 1559 1335 1600 a
1350 1556 1412 1600 me*

255 1645 329 1704 dicis
352 1645 437 1717 quasi
460 1653 488 1702 et
510 1645 722 1702 mathematicis
745 1652 885 1717 occupata
907 1645 1065 1719 diligentia,
1088 1653 1121 1704 ut
1139 1646 1179 1702 ad
1194 1645 1347 1718 ,paratiora
1360 1644 1411 1701 illa

257 1755 286 1805 et
318 1746 455 1803 omnihus
482 1744 576 1802 obvia.
601 1760 676 1817 quae
706 1744 905 1805 mediocribus
938 1747 1024 1804 etiam
1058 1745 1185 1819 ingeniis
1220 1746 1349 1818 speeiem
1383 1753 1413 1802 et

252 1847 457 1906 ,auctoritatem
479 1846 612 1905 tribuunt
633 1846 840 1919 quaestionum
862 1848 1015 1905 moralium
1039 1845 1244 1912 ventilationes
1267 1854 1413 1919 gramma·

256 1948 390 2020 tieaeque
412 1953 441 2005 et
463 1947 618 2005 historicae
640 1946 789 2004 doetrinae
812 1946 913 2007 faciles
933 1949 1036 2008 landes
1060 1950 1274 2017 delaberentur,
1298 1947 1329 2004 id
1350 1959 1410 2004 nen

256 2049 360 2108 sotum
391 2048 590 2122 Peripateticis
627 2053 696 2122 pest
731 2049 879 2123 Lyconem
900 2098 901 2103 ,
924 2050 1074 2124 (Appuleii
1096 2050 1180 2124 Apol.
1203 2066 1231 2122 p.
1245 2045 1308 2107 117
1329 2049 1409 2107 dud.

254 2151 291 2207 cf.
315 2165 343 2222 p.
359 2146 441 2213 tet„
462 2149 550 2207 Stabr
570 2148 710 2207 Aristh.
735 2150 763 2207 d.
782 2150 915 2211 Rdmern
942 2168 970 2225 p.
988 2150 1060 2211 114.
1087 2152 1124 2209 de
1151 2151 1272 2208 Eudemi
1303 2151 1411 2211 studiis

214 2291 219 2296 -
253 2250 463 2325 physiologicis
487 2246 524 2308 σθ
540 2251 640 2309 Galen,
657 2251 689 2322 V,
706 2249 769 2310 etta
784 2253 856 2324 etc.)
880 2252 926 2309 vel
947 2253 1072 2327 physica
1091 2252 1187 2311 studia
1203 2252 1411 2309 deserentibus

160 2401 162 2405 .
254 2351 359 2410 accidit
381 2352 435 2408 scd
457 2352 536 2408 idem
557 2351 645 2410 etiam
668 2351 852 2410 Academicis
873 2361 903 2410 et
918 2353 1032 2426 Stoicis,
1057 2353 1168 2412 seilicet
1182 2341 1411 2415 utdifficiifimie

255 2453 312 2510 illis
334 2456 467 2521 veterum
488 2452 733 2529 philosophemm
755 2455 894 2526 operibns
918 2454 1030 2511 sensim
1054 2453 1203 2517 oblivioni·
1217 2453 1298 2510 datis
1313 2460 1411 2515 scota

255 2569 320 2630 rum
354 2552 449 2625 iurgia
480 2552 510 2609 in
544 2553 631 2626 ipsis
652 2555 720 2635 fere
745 2555 870 2612 summis
904 2554 1058 2613 sententiis
1091 2563 1119 2612 et
1145 2553 1271 2612 manime
1303 2551 1411 2614 ethicis

253 2653 454 2729 examinandis
481 2660 510 2712 et
537 2653 729 2712 defendendis
759 2655 1091 2728 verbisque-mutandis
1113 2656 1164 2727 (ef.
1188 2655 1359 2728 Hieronym,
1381 2662 1413 2712 et

253 2756 412 2827 Diodorum
435 2754 513 2826 apud
537 2753 595 2816 Cic.
619 2756 656 2812 de
671 2755 720 2814 tin.
737 2753 767 2829 5,
783 2754 823 2816 25
836 2757 907 2828 etc.)
931 2758 1107 2815 haererent
1137 2757 1200 2816 Hoc
1222 2763 1267 2814 est
1289 2755 1410 2830 Peripa*

252 2856 407 2915 teticorum
439 2856 585 2913 famosum
617 2856 690 2916 illud
717 2851 823 2920 >θέσιν
855 2848 1037 2940 φυλάττειν
1068 2859 1120 2930 (cf.
1145 2858 1245 2917 Galen.
1266 2857 1312 2928 tt,
1328 2853 1409 2916 735:

164 3038 166 3041 ι
251 2945 344 3047 ταῦτ’(
364 2945 461 3027 aius
472 2945 675 3036 prolectatae
690 2953 790 3021 θέσιν
805 2949 850 3034 ὡς
865 2949 1096 3041 Ἀριστοτέλης
1111 2950 1216 3022 εἴωθε
1231 2954 1339 3041 λέγειν
1351 2969 1408 3020 eto.

252 3059 288 3116 ιι.
314 3057 400 3116 arisi.
416 3057 470 3114 aa.
487 3048 564 3130 post.
581 3055 715 3119 teate.
739 3062 809 3134 rap.
826 3058 898 3134 tte,
915 3061 964 3120 aa.
988 3063 1053 3120 nin.
1068 3061 1098 3136 1,
1114 3061 1135 3122 3
1151 3065 1200 3122 an.
1216 3073 1272 3123 ιιι.
1295 3049 1412 3136 nappe-,T

251 3158 329 3218 lechi
352 3158 389 3215 ad
411 3158 560 3231 Lynceum
582 3161 676 3234 perip.
699 3162 823 3236 epistola
845 3174 891 3236 ap.
914 3164 1017 3222 Athen.
1034 3164 1064 3235 4,
1081 3162 1158 3225 13οε
1182 3157 1222 3229 οὐ
1245 3158 1283 3226 δέ
1303 3154 1410 3240 μόνον

251 3251 286 3320 ἐν
317 3248 484 3339 Ἀθήναις
517 3253 637 3337 μένων.
657 3252 902 3340 εὐδαιμονίζεις
919 3327 921 3329 ,
937 3258 997 3339 τὰς
1032 3256 1251 3349 Θεοφράστου
1287 3260 1409 3340 θέσεις

249 3351 390 3424 ἀκούωσι
405 3354 616 3434 dioecesum
636 3365 740 3436 placita
762 3366 793 3423 in
815 3367 1000 3442 philosophia
1022 3371 1177 3442 paradoxa,
1202 3371 1410 3443 quaeautque

251 3473 348 3524 sectae
371 3464 497 3523 manime
519 3465 648 3538 propria,
672 3467 719 3524 Ar.
743 3467 859 3542 topi„
876 3468 926 3528 tt.
962 3471 1153 3544 Theophrasti
1175 3457 1293 3544 diuma
1314 3472 1347 3528 b.
1373 3474 1405 3530 L.

249 3562 347 3635 127.
370 3564 480 3623 Theon.
496 3581 650 3640 progymn.
667 3584 713 3642 ap.
730 3569 809 3629 Waiz
825 3572 845 3642 l,
856 3569 945 3646 165.)
971 3573 1053 3645 qnod
1072 3565 1190 3644 θέσεις
1203 3564 1408 3652 ,ληκυθίζειι

250 3665 332 3727 dicit,
346 3664 460 3723 Strabo.
504 3667 677 3742 Exemplum
709 3670 798 3731 huius
830 3675 872 3732 rei
905 3673 1090 3747 aptissimum
1118 3672 1236 3731 Critolai
1263 3674 1406 3746 physicae

249 3766 300 3838 (ef.
316 3766 387 3839 Top.
404 3764 433 3836 1,
446 3764 496 3824 te.
511 3765 572 3828 105
581 3769 604 3828 h
617 3769 673 3843 tl)
688 3773 816 3832 theseos
838 3774 1046 3847 Peripateticae
1061 3776 1098 3831 de
1113 3772 1215 3829 mundi
1230 3760 1405 3835 aeternitate

237 3873 348 3928 'eontra
370 3867 486 3935 Stoicos
509 3871 642 3930 defensio
665 3881 711 3932 est
722 3874 881 3936 dialecticis
893 3874 987 3947 magis
1003 3888 1090 3946 qnam
1106 3853 1298 3932 Aristotelian
1311 3889 1405 3948 argu·

244 3970 350 4033 mentis
367 3967 413 4033 usi
428 3969 669 4049 academicisque
682 3976 733 4047 (ef.
750 3975 930 4046 Clitmnacbi,
948 3973 997 4047 qni
1011 3970 1170 4045 amant
1181 3962 1311 4055 drqpa'r
1323 3975 1403 4048 ταῖς

245 4062 352 4151 τρισὶν
368 4061 535 4153 ἀἱρέσεσι-ι
553 4065 746 4157 διατρίψας,
761 4075 878 4148 dicitnr,
900 4077 972 4134 deos
989 4089 1055 4133 esse
1068 4075 1202 4149 negantis
1216 4076 1403 4135 demonstra-

241 4172 338 4232 tiones
353 4190 398 4247 ap.
415 4173 672 4249 Sext..limp.*42ii
684 4191 727 4247 sq.
753 4176 811 4234 Gic.
828 4178 902 4234 md.
919 4174 1107 4248 dide-fe)
1131 4184 1161 4234 et
1183 4176 1288 4236 Stoicis
1311 4177 1401 4249 plane

240 4274 398 4347 similibus,
435 4294 469 4335 ι...
485 4278 570 4349 :apud
597 4275 761 4338 Philonem,
778 4277 816 4335 de
830 4275 939 4345 *mundi
973 4284 1082 4336 aetem.
1105 4279 1162 4337 edi,
1176 4278 1287 4337 francf.
1312 4275 1397 4338 titel

238 4392 266 4447 p.
277 4372 538 4444 casmeta,
550 4377 586 4432 cf.
601 4375 680 4432 ibid.
704 4378 906 4448 posteriorem
920 4379 1069 4443 Boethum
1083 4381 1123 4439 in
1139 4381 1270 4440 multiso
1287 4380 1398 4444 Stoicis
