3160 5222
21 1539 23 1608 j
111 1539 159 1618 .'
234 1478 404 1594 [librorum
432 1533 514 1594 talsts
542 1514 711 1598 auctoribus
740 1513 790 1594 ant
816 1525 916 1592 errore
943 1543 993 1594 mu
1020 1535 1152 1596 consilio·
1168 1527 1310 1612 suppost‘

145 1645 244 1698 torum
267 1637 481 1695 feracissimum
506 1639 533 1696 in
558 1639 695 1696 universa
710 1637 893 1710 Graecarum
911 1639 1059 1698 literarum
1078 1635 1197 1700 historia
1214 1641 1305 1698 luisse

147 1735 288 1806 seculum
303 1735 375 1796 illud
394 1747 435 1796 et
448 1740 575 1816 mraxime
597 1738 690 1810 seculi
708 1738 828 1798 initium
852 1741 930 1812 quod
945 1741 1085 1822 ¹interluit
1105 1742 1181 1798 inter
1195 1741 1306 1799 Aristo·
1397 1727 1399 1730 ’

145 1841 212 1897 telis
235 1846 264 1896 et
285 1839 442 1896 Alexandri
465 1847 585 1921 mortes
599 1853 783 1911 regnumque
805 1841 883 1898 tertii
898 1841 1057 1901 Ptolemaei
1081 1840 1174 1913 (circa
1191 1839 1304 1914 Olymp.
1330 1873 1333 1880 ·

145 1937 341 2011 lib—140),
365 1946 394 1996 et
416 1939 560 2023 exemplis
583 1953 671 2012 quom
693 1939 827 2012 plurimis
849 1942 950 2001 ‘doceri
973 1945 1071 2016 petest
1086 1949 1115 2000 et
1129 1955 1230 2013 perse
1246 1943 1307 2010 veri

146 2049 192 2098 est
214 2039 404 2122 simillimum.
449 2019 647 2119 praecedebat
670 2039 746 2098 enim
771 2047 894 2100 aetatem
918 2044 993 2102 hanc
1008 2040 1235 2100 Alexandrinam
1251 2042 1307 2100 cri-

147 2141 233 2200 ticam
255 2140 455 2212 historiaeque
478 2141 618 2202 intentam
641 2135 743 2214 etqui
767 2141 831 2198 eius
855 2143 938 2221 quasi
961 2151 1050 2216 pater
1059 2148 1105 2202 est
1121 2143 1316 2206 Aristotelem¹
1383 2184 1385 2188 .

146 2242 356 2314 philosophum
380 2249 411 2296 nt
433 2241 472 2297 ita
495 2241 589 2301 dicam
613 2241 787 2306 historicum
814 2251 894 2302 oetas
917 2243 1062 2313 rhetorica
1085 2251 1115 2300 ct
1136 2241 1254 2316 politica
1277 2241 1307 2298 in

148 2339 269 2397 Platone
291 2339 470 2412 philosopho
491 2349 611 2398 oratore
632 2341 722 2410 finita,
746 2342 831 2398 cuius
847 2345 949 2400 aetatis
965 2351 994 2400 et
1009 2344 1074 2415 ipsa
1089 2339 1233 2412 sapientia
1247 2355 1308 2396 non

147 2438 243 2496 solum
266 2444 432 2496 ceterorum
456 2439 654 2510 sophistarum
679 2439 732 2495 sed
748 2439 964 2498 Socraticorum
988 2442 1073 2507 etiam
1096 2439 1227 2497 omnium
1243 2440 1309 2511 ora·¹

21 2603 22 2610 χ
89 2527 93 2534 ’
147 2538 252 2598 loriam
274 2539 363 2596 hahet
385 2537 515 2620 speciem
539 2535 687 2610 finemque
711 2537 770 2596 lere
794 2539 1008 2612 politicumet
1030 2541 1128 2598 omnis
1150 2541 1211 2598 fere
1234 2541 1306 2605 ratio

21 2653 22 2660 ¹
94 2663 99 2672 ¹
146 2630 311 2712 ἐπίδειξις
341 2645 386 2696 est
412 2645 444 2696 ut
474 2639 511 2694 ad
538 2639 685 2712 agendum
713 2640 982 2714 inveniendumque
1011 2649 1117 2714 potens
1145 2643 1189 2700 ita
1212 2642 1307 2700 imitu-

146 2750 244 2805 torum
274 2748 303 2800 et
329 2739 541 2798 aemulatorum
573 2739 701 2798 secunda
730 2739 933 2814 librorumque
959 2757 1067 2814 parens
1096 2743 1161 2802 sine
1188 2743 1307 2801 nominc
1399 2767 1400 2772 ¹

145 2842 276 2902 auctoris
297 2839 566 2914 nullo=aequallum
582 2841 689 2900 studio
712 2843 813 2901 critico
837 2843 954 2900 defensi
967 2841 1204 2908 eireumla'tornm
1220 2829 1306 2915 eique

147 2941 273 3015 unanime
301 2942 351 3014 qni
378 2941 408 2998 in
437 2958 555 3016 qnoque
582 2957 691 3015 genere
718 2957 855 3003 summus
881 2941 961 3004 esset
987 2927 1172 3003 tributorum.
1223 2943 1305 3012 Quos

147 3057 252 3110 omncs
275 3042 419 3114 arripiens
442 3045 525 3102 rudis
547 3044 578 3102 in
601 3043 797 3112 discernende
815 3045 947 3120 doctrina
963 3053 991 3106 et
1006 3044 1306 3127 colligendiprimum

146 3144 230 3203 avida
257 3143 321 3216 ipsa
349 3143 403 3202 bac
432 3145 601 3220 colligendi
618 3145 777 3220 cupiditate
805 3153 834 3202 et
861 3146 973 3220 studio,
1002 3164 1092 3220 quum
1120 3155 1203 3206 aucta
1228 3127 1307 3205 esset

147 3244 345 3318 colligentium
370 3253 399 3302 et
420 3247 608 3307 vendentium
632 3245 782 3320 diligentia
798 3247 865 3304 ‘reri
889 3247 1046 3321 incuriosa,
1063 3249 1195 3322 augebat
1216 3248 1306 3310 lihro-

147 3364 211 3405 rum
240 3347 313 3404 laisa
340 3345 508 3422 coniectura
538 3348 748 3422 inscriptorum
774 3359 955 3418 numernm‚'
980 3365 1127 3424 propensa
1156 3357 1314 3424 praetcrea

146 3449 299 3506 hominnm
323 3446 461 3520 opinione
485 3449 520 3508 ad
543 3458 675 3509 veterum
698 3427 852 3534 auctorum
869 3446 1095 3508 admirationem
1119 3450 1157 3507 ita
1179 3457 1212 3506 ut
1231 3448 1331 3534 lacili'

21 3597 22 3600 ,
96 3619 98 3624 ,
148 3547 381 3624 negotio-fidem
409 3559 578 3624 assererent
603 3551 686 3608 libris
717 3565 843 3622 quorum
871 3555 1006 3604 auctores
1037 3547 1133 3604 dedita
1162 3561 1250 3618 opera
1279 3537 1308 3606 ct

21 3679 23 3686 >
90 3707 93 3716 A
148 3648 205 3721 ipsi
229 3647 421 3726 admiratione
443 3651 538 3722 magis
560 3663 647 3720 quam
671 3649 739 3703 dolo
764 3647 840 3702 malo
855 3646 994 3705 commoti
1009 3651 1144 3712 recentes
1161 3655 1306 3708 sectarum

147 3746 305 3822 opiniones
324 3745 471 3804 referrent
492 3747 522 3804 in
546 3747 732 3820 antiquorum
756 3745 908 3806 nominum
931 3743 1038 3804 sabulis
1059 3755 1228 3806 ornatorum
1245 3751 1307 3822 glo-

148 3849 221 3907 riam
250 3845 448 3920 propriosque
475 3847 566 3906 libros
595 3827 767 3922 argumento
784 3845 1000 3920 sententiaque
1023 3847 1135 3908 similes
1158 3865 1308 3910 commen·

99 4011 103 4018 ,
148 3929 263 4008 durent.
316 3948 375 4004 Nec
405 3947 548 4009 absimilis
582 3957 626 4007 est
656 3949 713 4006 iam
748 3947 817 4004 inde
847 3947 883 4004 ab
913 3947 1306 4025 Aristotele‘philosophiae

148 4051 301 4110 historiam
324 4049 521 4108 enarrantium
544 4052 627 4120 ratio,
653 4050 764 4108 scilicet
778 4057 811 4108 ut
826 4049 1035 4109 sententiarum
1052 4053 1226 4126 cognatione
1243 4054 1306 4110 lreti

147 4154 236 4212 verba
250 4153 357 4224 quihus
369 4141 492 4210 diversis
504 4151 836 4225 magisqueudaequatis
848 4152 943 4210 omnis
956 4153 1016 4210 sere
1025 4154 1228 4228 philosophiae
1240 4169 1307 4226 pro·
1351 4214 1353 4218 f

99 4299 102 4308 .
151 4269 255 4338 cessus
271 4253 439 4311 continetur
455 4254 646 4326 negligerent.
682 4251 866 4312 Accedebant
879 4254 985 4312 deinde
996 4263 1199 4325 reternmnon
1210 4253 1305 4310 solum

151 4364 304 4428 poetarum
327 4361 355 4412 et
377 4353 584 4412 historicorum
613 4355 665 4412 sed
693 4355 779 4413 etiam
808 4355 990 4414 medicorum
1014 4364 1042 4414 ct
1064 4343 1308 4430 philosophorum

152 4457 181 4513 in
210 4471 296 4515 usum
326 4455 523 4529 posteriorum
552 4455 642 4514 lectae
673 4457 734 4518 sive
760 4457 951 4528 recensiones
982 4456 1043 4516 sive
1074 4453 1307 4515 abbreviationes

197 4578 262 4620 llose
281 4571 308 4618 de
323 4569 386 4642 libris
401 4569 539 4621 Aristotelis.
711 4587 731 4628 ¹·
815 4591 818 4598 ·
887 4579 890 4584 ·
1086 4555 1103 4613 1
