3196 5232
701 383 763 444 229
775 425 776 428 κ

130 569 230 630 κ0000
259 559 287 611 00
314 552 445 625 operalio
478 553 542 626 sive
575 553 724 628 quomodo
758 554 1020 626 0000000000ιο
1052 555 1132 614 velut
1158 544 1310 614 oeulonum
1368 599 1370 604 ,

153 655 273 729 linguae
292 653 445 730 pulmonis
467 656 504 712 ad
527 655 606 712 hunc
628 657 716 712 usum
740 653 872 712 instituta
885 645 1085 728 sitdocouun,
1108 656 1332 729 nonipsamm,
1379 727 1380 734 ἵ

153 756 309 816 actionum
335 763 438 814 natum
472 761 500 814 et
527 755 661 828 dignitas.
711 755 770 813 Nec
802 755 896 830 magis
929 762 1015 828 patet·
1041 760 1189 831 quomodo
1219 755 1314 830 quum.

152 857 390 932 psychologicam
424 857 575 930 zoologiae
602 864 735 917 naturam
763 857 913 930 explicans
939 857 1078 931 physicae
1106 858 1255 916 doctrinae
1282 866 1311 917 ct
1401 903 1405 911 ,

62 1019 63 1024 ,
152 942 363 1034 psychologiac
390 957 532 1015 rationem
560 966 691 1017 mutuam
712 965 812 1031 tangat
834 973 869 1020 ex
898 966 1128 1040 cenomanica
1156 961 1192 1016 de
1214 960 1310 1020 anima

152 1062 245 1120 libros
279 1059 459 1132 compositos
493 1059 584 1118 fuisse
618 1059 777 1140 uerisimile
805 1059 843 1118 sit
877 1059 922 1130 (id
946 1060 1025 1131 quod
1059 1059 1161 1118 statuit
1182 1060 1309 1132 Spengel

105 1173 109 1180 ’
151 1162 284 1222 10010001.
313 1158 421 1234 ploti
450 1151 495 1252 vel
522 1161 589 1236 ipso
617 1159 757 1237 librorum
786 1161 823 1219 de
851 1159 946 1218 anima
973 1160 1129 1234 prooemio,
1153 1162 1318 1231 refutatum

153 1264 188 1322 cf.
205 1259 278 1334 403,
295 1260 336 1321 27
350 1265 442 1338 sqq..)
477 1263 635 1336 Postquam
652 1261 742 1334 igitur
757 1259 882 1333 partium
894 1261 1064 1320 animalium
1076 1279 1150 1320 usus
1162 1275 1309 1336 causaque

151 1365 247 1426 linaiis
275 1365 419 1438 exposita
430 1368 489 1435 000,
520 1363 577 1423 iam
605 1362 710 1421 transit
724 1363 791 1432 (01.
756 1359 936 1435 01,11715
962 1355 1309 1463 1000500170χο-

149 1455 437 1553 010000010000)
476 1463 546 1524 ad
539 1481 633 1540 ipsam
660 1456 787 1544 γένεσιν
814 1478 991 1554 causamque
1016 1464 1216 1540 generationis
1239 1481 1271 1521 1
1282 1479 1307 1522 e.
1324 1523 1325 1528 ,

77 1633 80 1638 ,
151 1571 188 1627 ad
212 1559 322 1647 αἰτίαν
342 1562 413 1652 τὴν
423 1561 580 1628 κινοῦσαν
603 1567 656 1639 (de
678 1581 743 1640 gen.
768 1563 933 1638 1,1.715,
951 1564 1006 1641 13)
1029 1567 1097 1626 sive
1123 1568 1160 1627 ad
1182 1543 1308 1628 animam
1392 1560 1396 1564 ’

150 1670 244 1743 ipsam
267 1686 326 1736 000
349 1687 415 1730 cum
438 1668 571 1743 pactibus
601 1664 709 1751 quibus
731 1668 859 1753 piopriis
887 1667 979 1728 utitur
1001 1655 1223 1728 desciibendam
1247 1667 1309 1725 ani-

18 1787 20 1828 t
129 1769 269 1830 'melium
293 1779 438 1848 quatenus
473 1778 546 1828 sunt
573 1769 709 1828 animalia
732 1777 823 1843 atque
850 1785 884 1828 ex
913 1785 977 1842 qua·
995 1771 1120 1845 partium
1144 1777 1311 1840 ceterorum

150 1873 283 1932 omnium
311 1871 460 1946 generatio
488 1873 597 1946 pendet
623 1879 651 1929 et
677 1879 779 1930 auctus
806 1885 940 1944 ususque
970 1880 999 1930 et
1018 1872 1085 1945 *ipsa
1111 1873 1168 1932 vita
1189 1871 1307 1930 ammali

78 2021 80 2026 .
149 1957 281 2046 propria,
315 1974 355 2032 100
382 1982 414 2032 00
439 1981 528 2048 reete
545 1974 686 2031 librorum
714 1973 750 2030 de
778 1973 967 2050 generatione
990 1980 1027 2033 00,
1040 1974 1201 2034 nutritione
1222 1989 1308 2049 angu-

149 2073 282 2134 mentum
308 2076 346 2134 sit
368 2076 531 2135 nuntiatum
558 2076 659 2137 verbis
683 2075 741 2136 illis
762 2075 876 2134 librum
904 2079 940 2152 de
964 2078 1083 2138 incessu
1110 2078 1160 2150 qui
1176 2075 1219 2134 'de
1241 2077 1308 2148 pan·
1341 2067 1344 2073 ’
1507 2089 1509 2096 ‘

149 2177 229 2235 tibus
264 2185 310 2236 est
343 2178 462 2250 quintus
496 2177 680 2238 finientibus:
722 2163 878 2254 ἐχόμενόν
914 2172 984 2242 ἐστι
1019 2174 1195 2259 θεωρῆσαι
1215 2168 1310 2254 περὶ

150 2276 317 2364 1111110ἦο
274 2272 370 2340 vd
382 2269 527 2362 τρέφειν
548 2298 609 2360 γαρ
633 2273 689 2339 καὶ
711 2298 812 2341 0ιοοι0
833 2277 942 2365 ψυχῆς
965 2270 1076 2360 ἔργον
1081 2272 1151 2340 ἐστι
1144 2270 1217 2351 ’(00
1233 2284 1306 2351 pant

150 2378 396 2454 27652011
421 2399 462 2441 00.
487 2379 595 2466 ψυχῆς
616 2381 802 2464 70000000ῆο
824 2399 899 2457 quae
916 2371 1147 2464 00οκοινοτατη
1168 2367 1327 2457 (10000ιο
1398 2399 1400 2403 ’
1452 2461 1454 2468 Α

148 2479 257 2566 ψυχῆς
286 2485 321 2542 01.
346 2485 383 2542 de
406 2501 451 2545 00.
476 2484 505 2556 2,
521 2484 551 2542 4.
572 2483 645 2559 415,
662 2483 718 2547 25:
763 2469 832 2568 ἧς
834 2478 922 2547 ἐστὶν
955 2475 1043 2567 ἔργα
1066 2480 1221 2567 γεννῆσαι
1251 2473 1309 2556 ’καὶ
1415 2545 1417 2550 ,

148 2582 272 2667 τροφῇ
279 2581 454 2668 χρῆσθαι).
499 2565 606 2660 Recte
603 2596 715 2646 autem
743 2589 818 2646 libid
846 2583 1308 2670 00000100000100001001-

148 2703 229 2746 mum
262 2687 364 2761 incipit
396 2688 460 2761 ipsa
494 2690 530 2748 de
564 2690 739 2758 animalibus
773 2690 896 2768 physica
933 2690 1065 2750 doctrina
1100 2692 1202 2760 (nam
1217 2687 1308 2744 Parsa

148 2789 289 2848 naturalia
312 2801 387 2862 quae
411 2771 511 2850 dicunt
499 2796 547 2850 tur
570 2793 606 2850 de
629 2791 724 2849 anima
749 2797 818 2850 sunt
841 2807 899 2849 non
923 2793 959 2849 de
979 2789 1179 2860 animalibus),
1203 2801 1260 2857 qua
1275 2791 1308 2842 00

149 2891 213 2964 ipse
242 2887 777 2966 (110100500000(00000011ου0
810 2891 940 2966 physicis
962 2890 1162 2964 Physiconum
1181 2902 1250 2973 pans
1278 2892 1307 2943 et
1372 2878 1392 2980 u'
1434 2971 1437 2976 Ι
1501 2901 1503 2906 ·

150 2992 315 3066 disquisitio
339 2995 374 3052 d'e
398 2993 504 3051 divlnis
527 2975 641 3052 naturis
662 2993 851 3050 continuatur-
872 2992 953 3065 (libri
977 3007 1017 3050 sc·
1034 2992 1070 3048 de
1087 2991 1169 3051 coelo
1186 2997 1215 3048 00
1231 3002 1307 3062 quae

149 3095 321 3154 intermedia
344 3104 389 3154 est
410 3093 645 3169 Meteomlogia),
678 3109 784 3152 causae
812 3111 929 3170 quoque
951 3095 1048 3185 prino
1067 3085 1223 3158 traduntur
1244 3103 1307 3148 mc·

142 3197 231 3260 ¹lhodi
255 3197 356 3256 studio
390 3197 541 3270 zoologico
568 3204 597 3254 00
623 3196 827 3271 philosophiae
860 3196 958 3264 zoicae
992 3195 1193 3261 convenientis
1222 3200 1254 3253 et
1276 3191 1306 3260 in

127 3299 213 3372 ,ipsa
235 3299 357 3370 historia
380 3299 548 3358 animalium
572 3314 609 3356 ex
630 3299 846 3358 baccmethodo
869 3299 1030 3372 praemissa
1051 3299 1179 3356 breviter
1193 3302 1306 3354 tantum
1364 3361 1367 3366 .
1473 3329 1474 3332 =

148 3401 317 3474 propositae
336 3400 385 3474 (1,
404 3399 423 3459 6
439 3401 505 3472 fin.)
529 3407 558 3458 00
580 3415 656 3472 0000
677 3401 746 3459 huic
769 3401 957 3474 coniungitur
970 3395 1305 3484 divisioniszanimalium

148 3501 230 3573 natio,
255 3517 337 3586 0000ι
353 3503 391 3562 ita
414 3519 438 3560 0.
455 3497 538 3560 2-3
561 3502 715 3575 diligenter
737 3502 874 3570 definitur
901 3509 933 3560 ut
954 3503 991 3560 ad
1013 3500 1184 3574 disciplinae
1207 3498 1305 3556 00010-

149 3602 229 3676 gicac
253 3621 327 3678 quae
350 3612 395 3662 est
418 3605 454 3661 de
476 3602 608 3676 pactibus
631 3603 774 3662 nationem
796 3604 890 3664 solam
905 3605 961 3688 hoe
976 3602 1160 3678 prooemium
1172 3595 1305 3674 spectare

148 3707 235 3779 plane
256 3712 363 3780 puteat,
391 3704 563 3778 praesentim
587 3721 678 3778 quum
694 3705 730 3764 'in
753 3704 902 3767 historicis
926 3692 1030 3764 divisio
1053 3705 1102 3762 illa
1124 3703 1209 3761 cuius
1231 3701 1306 3760 ratio
1350 3708 1352 3712 ’
1464 3773 1467 3781 .

149 3809 281 3866 nondum
309 3808 507 3864 demonstrata
535 3813 580 3864 est
606 3815 641 3864 ex
669 3823 726 3865 usu
741 3807 813 3864 'lene
841 3810 987 3868 sermonis
1013 3806 1125 3881 vulgari
1152 3805 1304 3880 accipiatur

149 3906 352 3981 (001610,
373 3904 667 3981 menaechmo).
712 3909 798 3976 Quod
824 3925 893 3990 vene
920 3912 958 3968 ad
986 3911 1097 3989 librum
1119 3909 1156 3965 de
1183 3896 1303 3964 incessu
1349 3897 1351 3904 ’

148 4010 198 4082 001
221 4011 257 4068 ad
280 4009 441 4070 doctrinam
470 4011 506 4068 de
529 4026 586 4069 usu
612 4011 741 4084 partium
764 4005 1090 4093 000000001000100000,
1113 4008 1192 4068 nulla
1215 4023 1304 4084 eausa

18 4093 20 4100 ’
125 4105 196 4169 ’000-
219 4124 271 4170 cur
297 4126 357 4168 non
390 4112 544 4170 credamus
578 4113 688 4171 auctoni
722 4112 779 4187 ipsi
813 4115 893 4172 hune
924 4112 1177 4174 libnumdisentis
1197 4108 1301 4180 'verbis

147 4212 229 4270 libris
257 4213 294 4270 de
321 4210 453 4284 partibus
481 4222 607 4286 quatuor
639 4214 830 4291 subiungenti
862 4223 1010 4290 tamquam
1038 4215 1173 4274 ultimum
1196 4221 1225 4270 et
1245 4226 1301 4268 suo

146 4293 318 4387 0000000
342 4313 634 4410 separationum
651 4315 701 4376 ao.
726 4318 761 4375 0.
780 4314 865 4378 aava
882 4317 940 4390 00,
957 4319 1044 4376 cuam
1059 4314 1146 4376 0050
1162 4313 1204 4374 aa
1215 4297 1303 4372 -0

147 4421 213 4472 ante
226 4416 244 4472 l.
264 4417 300 4472 de
317 4432 382 4487 gen.
398 4416 537 4488 scripture
551 4419 585 4475 ci.
600 4416 754 4496 697160
765 4435 824 4478 000
841 4420 1005 4494 impediunt
1028 4435 1104 4503 quae·
1118 4417 1304 4491 reperiuntur
1326 4411 1327 4415 ’
