<?xml version="1.0" encoding="UTF-8"?>
<!DOCTYPE html PUBLIC "-//W3C//DTD XHTML 1.0 Transitional//EN"
    "http://www.w3.org/TR/xhtml1/DTD/xhtml1-transitional.dtd">
<html xmlns="http://www.w3.org/1999/xhtml" xml:lang="en" lang="en">
 <head>
  <title>
</title>
<meta http-equiv="Content-Type" content="text/html;charset=utf-8" />
  <meta name='ocr-system' content='tesseract 3.04.00' />
  <meta name='ocr-capabilities' content='ocr_page ocr_carea ocr_par ocr_line ocrx_word'/>
</head>
<body>
  <div class='ocr_page' id='page_1' title='image "./dearistotelisli00rosegoog_0242.png"; bbox 0 0 2954 5048; ppageno 0'>
   <div class='ocr_carea' id='block_1_1' title="bbox 615 267 715 390">
    <p class='ocr_par' dir='ltr' id='par_1_1' title="bbox 615 267 715 390">
     <span class='ocr_line' id='line_1_1' title="bbox 615 267 715 390; baseline -0.01 -2"><span class='ocrx_word' id='word_1_1' title='bbox 615 267 617 271; x_wconf 10' lang='grc' dir='ltr'><em>Α</em></span> <span class='ocrx_word' id='word_1_2' title='bbox 652 324 715 390; x_wconf 81' lang='grc'>235</span> 
     </span>
    </p>
   </div>
   <div class='ocr_carea' id='block_1_2' title="bbox 84 492 1348 4443">
    <p class='ocr_par' dir='ltr' id='par_1_2' title="bbox 84 492 1348 4443">
     <span class='ocr_line' id='line_1_2' title="bbox 107 492 1330 575; baseline -0.012 -15"><span class='ocrx_word' id='word_1_3' title='bbox 107 503 351 575; x_wconf 39' lang='lat' dir='ltr'>illudfexcmplar</span> <span class='ocrx_word' id='word_1_4' title='bbox 372 501 469 559; x_wconf 85' lang='lat' dir='ltr'>iuissc-</span> <span class='ocrx_word' id='word_1_5' title='bbox 487 500 659 574; x_wconf 86' lang='lat' dir='ltr'>perditum),</span> <span class='ocrx_word' id='word_1_6' title='bbox 687 497 831 570; x_wconf 86' lang='lat' dir='ltr'>anxiaque</span> <span class='ocrx_word' id='word_1_7' title='bbox 854 497 907 553; x_wconf 89' lang='lat' dir='ltr'>illa</span> <span class='ocrx_word' id='word_1_8' title='bbox 926 508 996 553; x_wconf 87' lang='lat' dir='ltr'>cura</span> <span class='ocrx_word' id='word_1_9' title='bbox 1017 500 1049 552; x_wconf 93' lang='lat' dir='ltr'>ut</span> <span class='ocrx_word' id='word_1_10' title='bbox 1066 493 1158 555; x_wconf 90' lang='lat' dir='ltr'>etiam</span> <span class='ocrx_word' id='word_1_11' title='bbox 1179 492 1265 551; x_wconf 89' lang='lat' dir='ltr'>intel·</span> <span class='ocrx_word' id='word_1_12' title='bbox 1328 542 1330 545; x_wconf 84' lang='grc'><strong>,</strong></span> 
     </span>
     <span class='ocr_line' id='line_1_3' title="bbox 106 589 1274 680; baseline -0.012 -17"><span class='ocrx_word' id='word_1_13' title='bbox 106 607 183 663; x_wconf 89' lang='lat' dir='ltr'>lectu</span> <span class='ocrx_word' id='word_1_14' title='bbox 207 605 305 671; x_wconf 89' lang='lat' dir='ltr'>minus</span> <span class='ocrx_word' id='word_1_15' title='bbox 329 589 456 660; x_wconf 83' lang='lat' dir='ltr'>difficilia</span> <span class='ocrx_word' id='word_1_16' title='bbox 478 603 525 680; x_wconf 82' lang='lat' dir='ltr'>rel</span> <span class='ocrx_word' id='word_1_17' title='bbox 547 615 600 675; x_wconf 89' lang='lat' dir='ltr'>per</span> <span class='ocrx_word' id='word_1_18' title='bbox 622 601 655 658; x_wconf 88' lang='lat' dir='ltr'>se</span> <span class='ocrx_word' id='word_1_19' title='bbox 677 601 763 672; x_wconf 91' lang='lat' dir='ltr'>plana</span> <span class='ocrx_word' id='word_1_20' title='bbox 785 598 912 672; x_wconf 88' lang='lat' dir='ltr'>patentia</span> <span class='ocrx_word' id='word_1_21' title='bbox 935 594 1059 668; x_wconf 90' lang='lat' dir='ltr'>amplius</span> <span class='ocrx_word' id='word_1_22' title='bbox 1073 595 1274 673; x_wconf 55' lang='lat' dir='ltr'>explicenturs</span> 
     </span>
     <span class='ocr_line' id='line_1_4' title="bbox 107 697 1265 780; baseline -0.009 -16"><span class='ocrx_word' id='word_1_23' title='bbox 107 707 271 780; x_wconf 81' lang='lat' dir='ltr'>argumenti</span> <span class='ocrx_word' id='word_1_24' title='bbox 304 704 432 777; x_wconf 89' lang='lat' dir='ltr'>denique</span> <span class='ocrx_word' id='word_1_25' title='bbox 465 711 494 762; x_wconf 91' lang='lat' dir='ltr'>ct</span> <span class='ocrx_word' id='word_1_26' title='bbox 528 703 730 760; x_wconf 82' lang='lat' dir='ltr'>definitionum</span> <span class='ocrx_word' id='word_1_27' title='bbox 764 707 879 773; x_wconf 82' lang='lat' dir='ltr'>praeter</span> <span class='ocrx_word' id='word_1_28' title='bbox 912 698 1047 755; x_wconf 87' lang='lat' dir='ltr'>narrandi</span> <span class='ocrx_word' id='word_1_29' title='bbox 1081 697 1265 769; x_wconf 79' lang='lat' dir='ltr'><strong>docendique</strong></span> 
     </span>
     <span class='ocr_line' id='line_1_5' title="bbox 107 799 1345 882; baseline -0.007 -16"><span class='ocrx_word' id='word_1_30' title='bbox 107 809 313 882; x_wconf 67' lang='lat' dir='ltr'>loquacitatem</span> <span class='ocrx_word' id='word_1_31' title='bbox 330 814 415 864; x_wconf 84' lang='lat' dir='ltr'>certa</span> <span class='ocrx_word' id='word_1_32' title='bbox 439 813 467 863; x_wconf 89' lang='lat' dir='ltr'>ct</span> <span class='ocrx_word' id='word_1_33' title='bbox 489 813 622 863; x_wconf 89' lang='lat' dir='ltr'>accurata</span> <span class='ocrx_word' id='word_1_34' title='bbox 645 802 753 861; x_wconf 80' lang='lat' dir='ltr'>divisio</span> <span class='ocrx_word' id='word_1_35' title='bbox 774 817 831 875; x_wconf 88' lang='lat' dir='ltr'>qua</span> <span class='ocrx_word' id='word_1_36' title='bbox 847 799 961 872; x_wconf 84' lang='lat' dir='ltr'>singula</span> <span class='ocrx_word' id='word_1_37' title='bbox 978 799 1108 856; x_wconf 86' lang='lat' dir='ltr'>menibra</span> <span class='ocrx_word' id='word_1_38' title='bbox 1120 799 1265 858; x_wconf 91' lang='lat' dir='ltr'>similibus</span> <span class='ocrx_word' id='word_1_39' title='bbox 1342 830 1345 832; x_wconf 89' lang='lat'><em>-</em></span> 
     </span>
     <span class='ocr_line' id='line_1_6' title="bbox 84 899 1265 981; baseline -0.006 -16"><span class='ocrx_word' id='word_1_40' title='bbox 84 962 86 965; x_wconf 84' lang='lat'>.</span> <span class='ocrx_word' id='word_1_41' title='bbox 109 918 140 967; x_wconf 90' lang='lat' dir='ltr'>et</span> <span class='ocrx_word' id='word_1_42' title='bbox 161 909 312 966; x_wconf 81' lang='lat' dir='ltr'>verbiset</span> <span class='ocrx_word' id='word_1_43' title='bbox 334 907 551 966; x_wconf 87' lang='lat' dir='ltr'>cnuutiatorum</span> <span class='ocrx_word' id='word_1_44' title='bbox 573 905 675 963; x_wconf 83' lang='lat' dir='ltr'>formis</span> <span class='ocrx_word' id='word_1_45' title='bbox 699 903 783 976; x_wconf 82' lang='lat' dir='ltr'>quasi</span> <span class='ocrx_word' id='word_1_46' title='bbox 807 902 939 960; x_wconf 88' lang='lat' dir='ltr'>dimensa</span> <span class='ocrx_word' id='word_1_47' title='bbox 967 899 1105 981; x_wconf 81' lang='lat' dir='ltr'>deinceps</span> <span class='ocrx_word' id='word_1_48' title='bbox 1128 902 1265 973; x_wconf 86' lang='lat' dir='ltr'>aequabi-</span> 
     </span>
     <span class='ocr_line' id='line_1_7' title="bbox 108 983 1266 1084; baseline -0.007 -16"><span class='ocrx_word' id='word_1_49' title='bbox 108 1011 174 1068; x_wconf 86' lang='lat' dir='ltr'>liter</span> <span class='ocrx_word' id='word_1_50' title='bbox 195 988 398 1079; x_wconf 83' lang='lat' dir='ltr'>recensentur</span> <span class='ocrx_word' id='word_1_51' title='bbox 411 1006 462 1080; x_wconf 84' lang='lat' dir='ltr'>(ci.</span> <span class='ocrx_word' id='word_1_52' title='bbox 479 1023 511 1071; x_wconf 84' lang='lat' dir='ltr'>c.</span> <span class='ocrx_word' id='word_1_53' title='bbox 528 1005 556 1064; x_wconf 94' lang='grc'>1.</span> <span class='ocrx_word' id='word_1_54' title='bbox 582 995 741 1083; x_wconf 80' lang='grc' dir='ltr'><em>ὁμώνυμα</em></span> <span class='ocrx_word' id='word_1_55' title='bbox 764 997 897 1084; x_wconf 73' lang='grc' dir='ltr'><em>λέγεται</em></span> <span class='ocrx_word' id='word_1_56' title='bbox 919 983 965 1059; x_wconf 84' lang='grc' dir='ltr'><em>ών</em></span> <span class='ocrx_word' id='word_1_57' title='bbox 987 1033 1071 1042; x_wconf 86' lang='lat'>--</span> <span class='ocrx_word' id='word_1_58' title='bbox 1094 988 1168 1061; x_wconf 81' lang='grc' dir='ltr'><em>οἷον</em></span> <span class='ocrx_word' id='word_1_59' title='bbox 1182 986 1266 1045; x_wconf 54' lang='lat'>——4-</span> 
     </span>
     <span class='ocr_line' id='line_1_8' title="bbox 108 1093 1267 1192; baseline -0.006 -21"><span class='ocrx_word' id='word_1_60' title='bbox 108 1101 234 1172; x_wconf 81' lang='grc' dir='ltr'><em>τούτιυν</em></span> <span class='ocrx_word' id='word_1_61' title='bbox 255 1104 317 1192; x_wconf 73' lang='grc' dir='ltr'>γὰρ</span> <span class='ocrx_word' id='word_1_62' title='bbox 339 1143 423 1156; x_wconf 73' lang='lat'><em>——-—</em></span> <span class='ocrx_word' id='word_1_63' title='bbox 447 1099 589 1190; x_wconf 75' lang='grc' dir='ltr'><em>ἒοὶνγάρ</em></span> <span class='ocrx_word' id='word_1_64' title='bbox 615 1128 666 1181; x_wconf 85' lang='grc' dir='ltr'>τις</span> <span class='ocrx_word' id='word_1_65' title='bbox 689 1097 846 1186; x_wconf 77' lang='grc' dir='ltr'><em>ἀποδιδῷ</em></span> <span class='ocrx_word' id='word_1_66' title='bbox 874 1111 904 1161; x_wconf 89' lang='lat' dir='ltr'>ct</span> <span class='ocrx_word' id='word_1_67' title='bbox 931 1119 1003 1160; x_wconf 75' lang='lat' dir='ltr'>mox</span> <span class='ocrx_word' id='word_1_68' title='bbox 1027 1093 1201 1181; x_wconf 77' lang='grc' dir='ltr'><em>συνώνυμα</em></span> <span class='ocrx_word' id='word_1_69' title='bbox 1216 1097 1267 1164; x_wconf 53' lang='grc' dir='ltr'>,δὲ</span> 
     </span>
     <span class='ocr_line' id='line_1_9' title="bbox 111 1195 1270 1293; baseline -0.008 -19"><span class='ocrx_word' id='word_1_70' title='bbox 111 1205 243 1293; x_wconf 75' lang='grc' dir='ltr'><em>λέγἐται</em></span> <span class='ocrx_word' id='word_1_71' title='bbox 267 1196 312 1272; x_wconf 87' lang='grc' dir='ltr'><em>ών</em></span> <span class='ocrx_word' id='word_1_72' title='bbox 344 1197 535 1272; x_wconf 37' lang='lat' dir='ltr'>maclou</span> <span class='ocrx_word' id='word_1_73' title='bbox 568 1199 693 1270; x_wconf 87' lang='grc' dir='ltr'>--ὃ</span> <span class='ocrx_word' id='word_1_74' title='bbox 723 1201 784 1290; x_wconf 74' lang='grc' dir='ltr'>γὰρ</span> <span class='ocrx_word' id='word_1_75' title='bbox 817 1238 901 1249; x_wconf 76' lang='lat'>-—·-</span> <span class='ocrx_word' id='word_1_76' title='bbox 935 1197 993 1264; x_wconf 73' lang='grc' dir='ltr'><em>ἐὰν</em></span> <span class='ocrx_word' id='word_1_77' title='bbox 1020 1201 1083 1288; x_wconf 75' lang='grc' dir='ltr'>γὰρ</span> <span class='ocrx_word' id='word_1_78' title='bbox 1113 1195 1270 1288; x_wconf 61' lang='grc' dir='ltr'>ἀποδιδῷ,</span> 
     </span>
     <span class='ocr_line' id='line_1_10' title="bbox 108 1308 1333 1389; baseline -0.008 -14"><span class='ocrx_word' id='word_1_79' title='bbox 108 1335 159 1389; x_wconf 81' lang='grc' dir='ltr'>τις</span> <span class='ocrx_word' id='word_1_80' title='bbox 175 1325 229 1375; x_wconf 91' lang='lat' dir='ltr'>etc.</span> <span class='ocrx_word' id='word_1_81' title='bbox 245 1318 356 1374; x_wconf 87' lang='lat' dir='ltr'>cadem</span> <span class='ocrx_word' id='word_1_82' title='bbox 380 1321 408 1372; x_wconf 89' lang='lat' dir='ltr'>et</span> <span class='ocrx_word' id='word_1_83' title='bbox 430 1313 590 1387; x_wconf 78' lang='lat' dir='ltr'>amplitudo</span> <span class='ocrx_word' id='word_1_84' title='bbox 625 1308 781 1370; x_wconf 83' lang='lat' dir='ltr'>divisionis</span> <span class='ocrx_word' id='word_1_85' title='bbox 811 1316 847 1381; x_wconf 87' lang='lat' dir='ltr'>et</span> <span class='ocrx_word' id='word_1_86' title='bbox 866 1308 1057 1381; x_wconf 80' lang='lat' dir='ltr'>aequabilitas</span> <span class='ocrx_word' id='word_1_87' title='bbox 1085 1309 1172 1368; x_wconf 89' lang='lat' dir='ltr'>ctiam</span> <span class='ocrx_word' id='word_1_88' title='bbox 1195 1309 1224 1366; x_wconf 92' lang='lat' dir='ltr'>in</span> <span class='ocrx_word' id='word_1_89' title='bbox 1246 1310 1265 1366; x_wconf 92' lang='lat' dir='ltr'>l.</span> <span class='ocrx_word' id='word_1_90' title='bbox 1328 1319 1333 1322; x_wconf 80' lang='grc'><em>·</em></span> 
     </span>
     <span class='ocr_line' id='line_1_11' title="bbox 111 1394 1266 1491; baseline -0.007 -15"><span class='ocrx_word' id='word_1_91' title='bbox 111 1420 147 1476; x_wconf 83' lang='grc' dir='ltr'><strong>1ο</strong></span> <span class='ocrx_word' id='word_1_92' title='bbox 170 1419 290 1491; x_wconf 89' lang='lat' dir='ltr'>interpr.</span> <span class='ocrx_word' id='word_1_93' title='bbox 315 1416 435 1486; x_wconf 81' lang='lat' dir='ltr'>obtinet,</span> <span class='ocrx_word' id='word_1_94' title='bbox 458 1415 585 1472; x_wconf 87' lang='lat' dir='ltr'>maxime</span> <span class='ocrx_word' id='word_1_95' title='bbox 607 1431 631 1472; x_wconf 93' lang='lat' dir='ltr'>c.</span> <span class='ocrx_word' id='word_1_96' title='bbox 656 1409 749 1484; x_wconf 80' lang='grc'>2-3,</span> <span class='ocrx_word' id='word_1_97' title='bbox 773 1394 809 1469; x_wconf 86' lang='grc' dir='ltr'><strong>ο1.</strong></span> <span class='ocrx_word' id='word_1_98' title='bbox 831 1407 881 1480; x_wconf 85' lang='lat' dir='ltr'>to,</span> <span class='ocrx_word' id='word_1_99' title='bbox 894 1406 944 1468; x_wconf 83' lang='lat'>30.</span> <span class='ocrx_word' id='word_1_100' title='bbox 957 1405 999 1468; x_wconf 92' lang='grc'>32</span> <span class='ocrx_word' id='word_1_101' title='bbox 1022 1409 1266 1482; x_wconf 66' lang='lat' dir='ltr'>calculata)</span> 
     </span>
     <span class='ocr_line' id='line_1_12' title="bbox 112 1511 1268 1593; baseline -0.008 -15"><span class='ocrx_word' id='word_1_102' title='bbox 112 1536 228 1593; x_wconf 87' lang='lat' dir='ltr'>quaqua</span> <span class='ocrx_word' id='word_1_103' title='bbox 255 1520 285 1578; x_wconf 92' lang='lat' dir='ltr'>in</span> <span class='ocrx_word' id='word_1_104' title='bbox 307 1518 437 1591; x_wconf 82' lang='lat' dir='ltr'>singulis</span> <span class='ocrx_word' id='word_1_105' title='bbox 456 1517 618 1590; x_wconf 65' lang='lat' dir='ltr'>&gt;categoriis</span> <span class='ocrx_word' id='word_1_106' title='bbox 653 1529 727 1589; x_wconf 91' lang='lat' dir='ltr'>quae</span> <span class='ocrx_word' id='word_1_107' title='bbox 756 1511 914 1586; x_wconf 77' lang='lat' dir='ltr'>singularia</span> <span class='ocrx_word' id='word_1_108' title='bbox 941 1513 1069 1570; x_wconf 83' lang='lat' dir='ltr'>habeant</span> <span class='ocrx_word' id='word_1_109' title='bbox 1090 1529 1166 1586; x_wconf 86' lang='lat' dir='ltr'>quae</span> <span class='ocrx_word' id='word_1_110' title='bbox 1187 1529 1268 1570; x_wconf 91' lang='lat' dir='ltr'>com-</span> 
     </span>
     <span class='ocr_line' id='line_1_13' title="bbox 110 1608 1267 1691; baseline -0.006 -12"><span class='ocrx_word' id='word_1_111' title='bbox 110 1622 211 1679; x_wconf 82' lang='lat' dir='ltr'>munia</span> <span class='ocrx_word' id='word_1_112' title='bbox 234 1626 402 1678; x_wconf 81' lang='lat' dir='ltr'>constanter</span> <span class='ocrx_word' id='word_1_113' title='bbox 425 1608 571 1691; x_wconf 86' lang='lat' dir='ltr'>quaercns</span> <span class='ocrx_word' id='word_1_114' title='bbox 593 1624 695 1674; x_wconf 88' lang='lat' dir='ltr'>auctor</span> <span class='ocrx_word' id='word_1_115' title='bbox 716 1615 856 1672; x_wconf 85' lang='lat' dir='ltr'>solennes</span> <span class='ocrx_word' id='word_1_116' title='bbox 878 1613 956 1672; x_wconf 92' lang='lat' dir='ltr'>illos·</span> <span class='ocrx_word' id='word_1_117' title='bbox 969 1615 1267 1687; x_wconf 85' lang='lat' dir='ltr'>disputationislocos</span> 
     </span>
     <span class='ocr_line' id='line_1_14' title="bbox 112 1705 1269 1793; baseline -0.006 -13"><span class='ocrx_word' id='word_1_118' title='bbox 112 1723 279 1780; x_wconf 89' lang='lat' dir='ltr'>dialecticos</span> <span class='ocrx_word' id='word_1_119' title='bbox 303 1721 353 1793; x_wconf 88' lang='lat' dir='ltr'>(ci.</span> <span class='ocrx_word' id='word_1_120' title='bbox 377 1721 446 1792; x_wconf 87' lang='lat' dir='ltr'>Tap.</span> <span class='ocrx_word' id='word_1_121' title='bbox 463 1719 508 1776; x_wconf 91' lang='lat' dir='ltr'>lV.</span> <span class='ocrx_word' id='word_1_122' title='bbox 524 1719 561 1790; x_wconf 88' lang='lat' dir='ltr'>V)</span> <span class='ocrx_word' id='word_1_123' title='bbox 585 1718 672 1774; x_wconf 84' lang='lat' dir='ltr'>insert</span> <span class='ocrx_word' id='word_1_124' title='bbox 694 1732 765 1774; x_wconf 90' lang='lat' dir='ltr'>num</span> <span class='ocrx_word' id='word_1_125' title='bbox 789 1716 827 1773; x_wconf 91' lang='lat' dir='ltr'>sit</span> <span class='ocrx_word' id='word_1_126' title='bbox 848 1705 1005 1787; x_wconf 76' lang='grc' dir='ltr'><em>ἐναντίον,</em></span> <span class='ocrx_word' id='word_1_127' title='bbox 1029 1731 1100 1773; x_wconf 90' lang='lat' dir='ltr'>num</span> <span class='ocrx_word' id='word_1_128' title='bbox 1116 1716 1269 1774; x_wconf 87' lang='lat' dir='ltr'>rideantur</span> 
     </span>
     <span class='ocr_line' id='line_1_15' title="bbox 111 1800 1277 1900; baseline -0.008 -15"><span class='ocrx_word' id='word_1_129' title='bbox 111 1817 334 1900; x_wconf 72' lang='grc' dir='ltr'><strong><em>ἐπιδέχεσθαι</em></strong></span> <span class='ocrx_word' id='word_1_130' title='bbox 350 1814 389 1883; x_wconf 81' lang='grc' dir='ltr'>τὸ</span> <span class='ocrx_word' id='word_1_131' title='bbox 400 1815 529 1899; x_wconf 79' lang='grc' dir='ltr'><em>μᾶλλον</em></span> <span class='ocrx_word' id='word_1_132' title='bbox 540 1813 597 1879; x_wconf 81' lang='grc' dir='ltr'>καὶ</span> <span class='ocrx_word' id='word_1_133' title='bbox 608 1800 714 1900; x_wconf 80' lang='grc' dir='ltr'><em>ἧττον,</em></span> <span class='ocrx_word' id='word_1_134' title='bbox 727 1835 798 1876; x_wconf 86' lang='lat' dir='ltr'>nuru</span> <span class='ocrx_word' id='word_1_135' title='bbox 810 1818 870 1876; x_wconf 89' lang='lat' dir='ltr'>sint</span> <span class='ocrx_word' id='word_1_136' title='bbox 882 1810 1013 1878; x_wconf 73' lang='lat' dir='ltr'>dccccxci</span> <span class='ocrx_word' id='word_1_137' title='bbox 1024 1807 1277 1889; x_wconf 74' lang='grc' dir='ltr'><em>τῶνέναντίων,</em></span> 
     </span>
     <span class='ocr_line' id='line_1_16' title="bbox 110 1913 1270 1998; baseline -0.003 -16"><span class='ocrx_word' id='word_1_138' title='bbox 110 1927 216 1998; x_wconf 89' lang='lat' dir='ltr'>partim</span> <span class='ocrx_word' id='word_1_139' title='bbox 248 1925 353 1984; x_wconf 87' lang='lat' dir='ltr'>illos-a</span> <span class='ocrx_word' id='word_1_140' title='bbox 376 1923 532 1982; x_wconf 84' lang='lat' dir='ltr'>Platonicis</span> <span class='ocrx_word' id='word_1_141' title='bbox 566 1929 701 1994; x_wconf 86' lang='lat' dir='ltr'>receptos</span> <span class='ocrx_word' id='word_1_142' title='bbox 736 1913 979 1996; x_wconf 67' lang='lat' dir='ltr'>(veluta‘rctda&#39;q.</span> <span class='ocrx_word' id='word_1_143' title='bbox 1002 1913 1041 1980; x_wconf 86' lang='grc' dir='ltr'>τό</span> <span class='ocrx_word' id='word_1_144' title='bbox 1063 1914 1192 1996; x_wconf 75' lang='grc' dir='ltr'><em>μᾶλλον</em></span> <span class='ocrx_word' id='word_1_145' title='bbox 1213 1913 1270 1979; x_wconf 81' lang='grc' dir='ltr'>καὶ</span> 
     </span>
     <span class='ocr_line' id='line_1_17' title="bbox 111 2011 1303 2108; baseline -0.004 -24"><span class='ocrx_word' id='word_1_146' title='bbox 111 2011 219 2108; x_wconf 81' lang='grc' dir='ltr'><em>ἧττον,</em></span> <span class='ocrx_word' id='word_1_147' title='bbox 232 2028 267 2084; x_wconf 87' lang='grc' dir='ltr'><strong>ο1.</strong></span> <span class='ocrx_word' id='word_1_148' title='bbox 281 2024 343 2083; x_wconf 90' lang='grc'><strong>101)</strong></span> <span class='ocrx_word' id='word_1_149' title='bbox 356 2022 397 2082; x_wconf 89' lang='grc'>32</span> <span class='ocrx_word' id='word_1_150' title='bbox 409 2015 513 2083; x_wconf 76' lang='grc' dir='ltr'><em>ἔνιοι</em></span> <span class='ocrx_word' id='word_1_151' title='bbox 525 2017 585 2103; x_wconf 72' lang='grc' dir='ltr'>γὰρ</span> <span class='ocrx_word' id='word_1_152' title='bbox 599 2019 903 2104; x_wconf 78' lang='grc' dir='ltr'><em>διαμφισβητοῦσιν</em></span> <span class='ocrx_word' id='word_1_153' title='bbox 915 2019 1267 2094; x_wconf 75' lang='grc' dir='ltr'><strong>ο1ο.ο1.1ὀμ12’ῖ1)18);</strong></span> <span class='ocrx_word' id='word_1_154' title='bbox 1298 2069 1303 2079; x_wconf 87' lang='lat'>.</span> 
     </span>
     <span class='ocr_line' id='line_1_18' title="bbox 112 2123 1269 2200; baseline -0.003 -16"><span class='ocrx_word' id='word_1_155' title='bbox 112 2129 185 2185; x_wconf 91' lang='lat' dir='ltr'>baec</span> <span class='ocrx_word' id='word_1_156' title='bbox 207 2127 296 2200; x_wconf 83' lang='lat' dir='ltr'>igitur</span> <span class='ocrx_word' id='word_1_157' title='bbox 331 2126 428 2182; x_wconf 88' lang='lat' dir='ltr'>omnia</span> <span class='ocrx_word' id='word_1_158' title='bbox 450 2125 507 2182; x_wconf 79' lang='lat' dir='ltr'>rel</span> <span class='ocrx_word' id='word_1_159' title='bbox 536 2125 561 2181; x_wconf 91' lang='lat' dir='ltr'>si</span> <span class='ocrx_word' id='word_1_160' title='bbox 588 2124 755 2196; x_wconf 81' lang='lat' dir='ltr'>neglexeris</span> <span class='ocrx_word' id='word_1_161' title='bbox 789 2124 920 2196; x_wconf 90' lang='lat' dir='ltr'>ipsarum</span> <span class='ocrx_word' id='word_1_162' title='bbox 953 2123 1079 2195; x_wconf 88' lang='lat' dir='ltr'>partium</span> <span class='ocrx_word' id='word_1_163' title='bbox 1102 2139 1139 2180; x_wconf 86' lang='lat' dir='ltr'>ex</span> <span class='ocrx_word' id='word_1_164' title='bbox 1161 2123 1269 2196; x_wconf 93' lang='lat' dir='ltr'>quibus</span> 
     </span>
     <span class='ocr_line' id='line_1_19' title="bbox 111 2225 1269 2299; baseline -0.003 -14"><span class='ocrx_word' id='word_1_165' title='bbox 111 2234 251 2285; x_wconf 75' lang='lat' dir='ltr'>mactatus</span> <span class='ocrx_word' id='word_1_166' title='bbox 274 2225 460 2299; x_wconf 83' lang='lat' dir='ltr'>componitur</span> <span class='ocrx_word' id='word_1_167' title='bbox 482 2225 610 2298; x_wconf 89' lang='lat' dir='ltr'>ineptam</span> <span class='ocrx_word' id='word_1_168' title='bbox 633 2225 790 2293; x_wconf 83' lang='lat' dir='ltr'>rationem,</span> <span class='ocrx_word' id='word_1_169' title='bbox 811 2225 846 2283; x_wconf 92' lang='lat' dir='ltr'>ab</span> <span class='ocrx_word' id='word_1_170' title='bbox 870 2225 1034 2283; x_wconf 86' lang='lat' dir='ltr'>Aristotelis</span> <span class='ocrx_word' id='word_1_171' title='bbox 1056 2240 1181 2283; x_wconf 85' lang='lat' dir='ltr'>nervosa</span> <span class='ocrx_word' id='word_1_172' title='bbox 1203 2225 1269 2282; x_wconf 90' lang='lat' dir='ltr'>hrc-</span> 
     </span>
     <span class='ocr_line' id='line_1_20' title="bbox 111 2322 1269 2401; baseline -0.001 -16"><span class='ocrx_word' id='word_1_173' title='bbox 111 2328 198 2385; x_wconf 90' lang='lat' dir='ltr'>vitate</span> <span class='ocrx_word' id='word_1_174' title='bbox 222 2345 279 2401; x_wconf 90' lang='lat' dir='ltr'>qua</span> <span class='ocrx_word' id='word_1_175' title='bbox 302 2327 416 2400; x_wconf 90' lang='lat' dir='ltr'>quaerit</span> <span class='ocrx_word' id='word_1_176' title='bbox 449 2327 510 2383; x_wconf 88' lang='lat' dir='ltr'>fere</span> <span class='ocrx_word' id='word_1_177' title='bbox 543 2325 636 2398; x_wconf 83' lang='lat' dir='ltr'>magis</span> <span class='ocrx_word' id='word_1_178' title='bbox 671 2341 759 2398; x_wconf 90' lang='lat' dir='ltr'>quam</span> <span class='ocrx_word' id='word_1_179' title='bbox 786 2325 872 2383; x_wconf 89' lang='lat' dir='ltr'>docet</span> <span class='ocrx_word' id='word_1_180' title='bbox 901 2322 981 2384; x_wconf 89' lang='lat' dir='ltr'>etin</span> <span class='ocrx_word' id='word_1_181' title='bbox 1004 2327 1269 2400; x_wconf 89' lang='lat' dir='ltr'>ipseinquireudo</span> 
     </span>
     <span class='ocr_line' id='line_1_21' title="bbox 114 2427 1270 2501; baseline 0 -15"><span class='ocrx_word' id='word_1_182' title='bbox 114 2430 200 2487; x_wconf 89' lang='lat' dir='ltr'>docet</span> <span class='ocrx_word' id='word_1_183' title='bbox 223 2431 416 2500; x_wconf 86' lang='lat' dir='ltr'>docendoque</span> <span class='ocrx_word' id='word_1_184' title='bbox 438 2427 560 2500; x_wconf 92' lang='lat' dir='ltr'>inquirit</span> <span class='ocrx_word' id='word_1_185' title='bbox 583 2428 689 2489; x_wconf 89' lang='lat' dir='ltr'>mirum</span> <span class='ocrx_word' id='word_1_186' title='bbox 713 2430 854 2499; x_wconf 85' lang='lat' dir='ltr'>quantum</span> <span class='ocrx_word' id='word_1_187' title='bbox 877 2429 1019 2486; x_wconf 84' lang='lat' dir='ltr'>differant.</span> <span class='ocrx_word' id='word_1_188' title='bbox 1057 2428 1151 2501; x_wconf 85' lang='lat' dir='ltr'>Atque</span> <span class='ocrx_word' id='word_1_189' title='bbox 1167 2429 1270 2487; x_wconf 88' lang='lat' dir='ltr'>cadem</span> 
     </span>
     <span class='ocr_line' id='line_1_22' title="bbox 113 2527 1270 2603; baseline 0.002 -16"><span class='ocrx_word' id='word_1_190' title='bbox 113 2533 186 2588; x_wconf 90' lang='lat' dir='ltr'>baec</span> <span class='ocrx_word' id='word_1_191' title='bbox 209 2538 254 2588; x_wconf 87' lang='lat' dir='ltr'>est</span> <span class='ocrx_word' id='word_1_192' title='bbox 277 2530 422 2588; x_wconf 87' lang='lat' dir='ltr'>sermonis</span> <span class='ocrx_word' id='word_1_193' title='bbox 445 2529 518 2586; x_wconf 86' lang='lat' dir='ltr'>ratio</span> <span class='ocrx_word' id='word_1_194' title='bbox 541 2529 571 2585; x_wconf 92' lang='lat' dir='ltr'>in</span> <span class='ocrx_word' id='word_1_195' title='bbox 594 2536 654 2586; x_wconf 91' lang='lat' dir='ltr'>toto</span> <span class='ocrx_word' id='word_1_196' title='bbox 678 2527 752 2586; x_wconf 93' lang='lat' dir='ltr'>libro</span> <span class='ocrx_word' id='word_1_197' title='bbox 776 2530 884 2603; x_wconf 90' lang='lat' dir='ltr'>quippe</span> <span class='ocrx_word' id='word_1_198' title='bbox 908 2531 957 2603; x_wconf 93' lang='lat' dir='ltr'>qui</span> <span class='ocrx_word' id='word_1_199' title='bbox 980 2546 1058 2588; x_wconf 90' lang='lat' dir='ltr'>unus</span> <span class='ocrx_word' id='word_1_200' title='bbox 1072 2531 1127 2588; x_wconf 83' lang='lat' dir='ltr'>sit</span> <span class='ocrx_word' id='word_1_201' title='bbox 1140 2538 1169 2588; x_wconf 92' lang='lat' dir='ltr'>et</span> <span class='ocrx_word' id='word_1_202' title='bbox 1191 2531 1270 2589; x_wconf 90' lang='lat' dir='ltr'>eius-</span> 
     </span>
     <span class='ocr_line' id='line_1_23' title="bbox 114 2631 1270 2709; baseline 0 -19"><span class='ocrx_word' id='word_1_203' title='bbox 114 2633 181 2691; x_wconf 89' lang='lat' dir='ltr'>dem</span> <span class='ocrx_word' id='word_1_204' title='bbox 203 2632 330 2689; x_wconf 91' lang='lat' dir='ltr'>auctoris</span> <span class='ocrx_word' id='word_1_205' title='bbox 353 2632 449 2688; x_wconf 88' lang='lat' dir='ltr'>onmis</span> <span class='ocrx_word' id='word_1_206' title='bbox 472 2631 652 2704; x_wconf 90' lang='lat' dir='ltr'>minimeque</span> <span class='ocrx_word' id='word_1_207' title='bbox 674 2631 792 2688; x_wconf 91' lang='lat' dir='ltr'>duobus</span> <span class='ocrx_word' id='word_1_208' title='bbox 813 2632 858 2689; x_wconf 85' lang='lat' dir='ltr'>rel</span> <span class='ocrx_word' id='word_1_209' title='bbox 881 2633 974 2709; x_wconf 89' lang='lat' dir='ltr'>tribus</span> <span class='ocrx_word' id='word_1_210' title='bbox 997 2633 1167 2706; x_wconf 84' lang='lat' dir='ltr'>fragmentis</span> <span class='ocrx_word' id='word_1_211' title='bbox 1194 2634 1270 2690; x_wconf 91' lang='lat' dir='ltr'>male</span> 
     </span>
     <span class='ocr_line' id='line_1_24' title="bbox 114 2717 1270 2814; baseline 0 -22"><span class='ocrx_word' id='word_1_212' title='bbox 114 2722 279 2794; x_wconf 88' lang='lat' dir='ltr'>coniunctis</span> <span class='ocrx_word' id='word_1_213' title='bbox 293 2739 425 2802; x_wconf 89' lang='lat' dir='ltr'>constet,</span> <span class='ocrx_word' id='word_1_214' title='bbox 449 2732 478 2790; x_wconf 93' lang='lat' dir='ltr'>id</span> <span class='ocrx_word' id='word_1_215' title='bbox 499 2717 581 2805; x_wconf 88' lang='lat' dir='ltr'>quod</span> <span class='ocrx_word' id='word_1_216' title='bbox 603 2739 717 2790; x_wconf 81' lang='lat' dir='ltr'>veteres</span> <span class='ocrx_word' id='word_1_217' title='bbox 740 2734 876 2814; x_wconf 79' lang='lat' dir='ltr'>volebant</span> <span class='ocrx_word' id='word_1_218' title='bbox 888 2735 1062 2807; x_wconf 87' lang='lat' dir='ltr'>interpretes</span> <span class='ocrx_word' id='word_1_219' title='bbox 1079 2734 1270 2805; x_wconf 86' lang='lat' dir='ltr'>(itemBran-</span> 
     </span>
     <span class='ocr_line' id='line_1_25' title="bbox 114 2817 1269 2912; baseline 0.001 -19"><span class='ocrx_word' id='word_1_220' title='bbox 114 2836 160 2893; x_wconf 86' lang='lat' dir='ltr'>dis</span> <span class='ocrx_word' id='word_1_221' title='bbox 183 2836 251 2908; x_wconf 82' lang='lat' dir='ltr'>Org.</span> <span class='ocrx_word' id='word_1_222' title='bbox 269 2833 340 2895; x_wconf 81' lang='grc'>268.</span> <span class='ocrx_word' id='word_1_223' title='bbox 365 2817 657 2906; x_wconf 53' lang='grc' dir='ltr'><strong>01511405ωὸ)</strong></span> <span class='ocrx_word' id='word_1_224' title='bbox 681 2833 745 2907; x_wconf 83' lang='lat' dir='ltr'>ipsa</span> <span class='ocrx_word' id='word_1_225' title='bbox 769 2837 804 2911; x_wconf 90' lang='lat' dir='ltr'>de</span> <span class='ocrx_word' id='word_1_226' title='bbox 816 2835 972 2898; x_wconf 76' lang='lat' dir='ltr'>Aristotele</span> <span class='ocrx_word' id='word_1_227' title='bbox 988 2835 1163 2910; x_wconf 82' lang='lat' dir='ltr'>praecipuae</span> <span class='ocrx_word' id='word_1_228' title='bbox 1180 2837 1269 2912; x_wconf 87' lang='lat' dir='ltr'>partis</span> 
     </span>
     <span class='ocr_line' id='line_1_26' title="bbox 115 2915 1296 3016; baseline 0.001 -22"><span class='ocrx_word' id='word_1_229' title='bbox 115 2944 233 2994; x_wconf 73' lang='lat' dir='ltr'>astatore</span> <span class='ocrx_word' id='word_1_230' title='bbox 257 2915 395 3008; x_wconf 80' lang='lat' dir='ltr'>opinione</span> <span class='ocrx_word' id='word_1_231' title='bbox 416 2935 519 2993; x_wconf 88' lang='lat' dir='ltr'>tradita</span> <span class='ocrx_word' id='word_1_232' title='bbox 542 2936 649 3016; x_wconf 89' lang='lat' dir='ltr'>coacti:</span> <span class='ocrx_word' id='word_1_233' title='bbox 674 2967 716 2976; x_wconf 80' lang='lat'>—-</span> <span class='ocrx_word' id='word_1_234' title='bbox 737 2937 785 2994; x_wconf 86' lang='lat' dir='ltr'>vix</span> <span class='ocrx_word' id='word_1_235' title='bbox 807 2937 886 2996; x_wconf 89' lang='lat' dir='ltr'>enim</span> <span class='ocrx_word' id='word_1_236' title='bbox 915 2939 970 2997; x_wconf 90' lang='lat' dir='ltr'>erit</span> <span class='ocrx_word' id='word_1_237' title='bbox 1003 2937 1052 3012; x_wconf 93' lang='lat' dir='ltr'>qui</span> <span class='ocrx_word' id='word_1_238' title='bbox 1086 2938 1270 3011; x_wconf 86' lang='lat' dir='ltr'>postpracdi-</span> <span class='ocrx_word' id='word_1_239' title='bbox 1295 2991 1296 2995; x_wconf 75' lang='grc'><strong>,</strong></span> 
     </span>
     <span class='ocr_line' id='line_1_27' title="bbox 116 3026 1271 3114; baseline 0.004 -19"><span class='ocrx_word' id='word_1_240' title='bbox 116 3044 248 3096; x_wconf 89' lang='lat' dir='ltr'>camenta</span> <span class='ocrx_word' id='word_1_241' title='bbox 269 3026 358 3110; x_wconf 62' lang='lat' dir='ltr'>&#39;quac</span> <span class='ocrx_word' id='word_1_242' title='bbox 393 3027 534 3094; x_wconf 83' lang='lat' dir='ltr'>vocantur</span> <span class='ocrx_word' id='word_1_243' title='bbox 566 3037 602 3094; x_wconf 91' lang='lat' dir='ltr'>ab</span> <span class='ocrx_word' id='word_1_244' title='bbox 625 3033 780 3097; x_wconf 76' lang='lat' dir='ltr'>Aristotele</span> <span class='ocrx_word' id='word_1_245' title='bbox 814 3041 921 3114; x_wconf 87' lang='lat' dir='ltr'>scripta</span> <span class='ocrx_word' id='word_1_246' title='bbox 955 3057 1022 3100; x_wconf 89' lang='lat' dir='ltr'>esse</span> <span class='ocrx_word' id='word_1_247' title='bbox 1049 3041 1161 3112; x_wconf 76' lang='lat' dir='ltr'>credat,</span> <span class='ocrx_word' id='word_1_248' title='bbox 1196 3057 1271 3114; x_wconf 88' lang='lat' dir='ltr'>quac</span> 
     </span>
     <span class='ocr_line' id='line_1_28' title="bbox 116 3137 1269 3216; baseline 0.003 -20"><span class='ocrx_word' id='word_1_249' title='bbox 116 3140 218 3196; x_wconf 88' lang='lat' dir='ltr'>eadem</span> <span class='ocrx_word' id='word_1_250' title='bbox 241 3140 277 3216; x_wconf 88' lang='lat' dir='ltr'>ab</span> <span class='ocrx_word' id='word_1_251' title='bbox 301 3139 405 3197; x_wconf 88' lang='lat' dir='ltr'>eodem</span> <span class='ocrx_word' id='word_1_252' title='bbox 428 3137 526 3211; x_wconf 90' lang='lat' dir='ltr'>aptius</span> <span class='ocrx_word' id='word_1_253' title='bbox 547 3145 667 3196; x_wconf 91' lang='lat' dir='ltr'>tractata</span> <span class='ocrx_word' id='word_1_254' title='bbox 689 3139 807 3199; x_wconf 87' lang='lat' dir='ltr'>luerunt</span> <span class='ocrx_word' id='word_1_255' title='bbox 822 3142 852 3199; x_wconf 90' lang='lat' dir='ltr'>in</span> <span class='ocrx_word' id='word_1_256' title='bbox 868 3143 1074 3216; x_wconf 79' lang='lat' dir='ltr'>lletapbysicis</span> <span class='ocrx_word' id='word_1_257' title='bbox 1089 3150 1117 3200; x_wconf 88' lang='lat' dir='ltr'>et</span> <span class='ocrx_word' id='word_1_258' title='bbox 1127 3142 1269 3216; x_wconf 84' lang='lat' dir='ltr'>Physicis.</span> 
     </span>
     <span class='ocr_line' id='line_1_29' title="bbox 115 3239 1272 3317; baseline 0.003 -20"><span class='ocrx_word' id='word_1_259' title='bbox 115 3240 152 3298; x_wconf 83' lang='lat' dir='ltr'>At</span> <span class='ocrx_word' id='word_1_260' title='bbox 173 3256 233 3301; x_wconf 89' lang='lat' dir='ltr'>non</span> <span class='ocrx_word' id='word_1_261' title='bbox 248 3241 353 3297; x_wconf 72' lang='lat' dir='ltr'>vsolum</span> <span class='ocrx_word' id='word_1_262' title='bbox 376 3239 782 3312; x_wconf 85' lang='lat' dir='ltr'>prooemiumnecessarium</span> <span class='ocrx_word' id='word_1_263' title='bbox 800 3252 854 3300; x_wconf 60' lang='lat' dir='ltr'>,est</span> <span class='ocrx_word' id='word_1_264' title='bbox 876 3243 1048 3317; x_wconf 86' lang='lat' dir='ltr'>(respicitur</span> <span class='ocrx_word' id='word_1_265' title='bbox 1070 3243 1147 3300; x_wconf 89' lang='lat' dir='ltr'>enirn</span> <span class='ocrx_word' id='word_1_266' title='bbox 1172 3243 1201 3299; x_wconf 90' lang='lat' dir='ltr'>in</span> <span class='ocrx_word' id='word_1_267' title='bbox 1224 3258 1272 3300; x_wconf 88' lang='lat' dir='ltr'>se·</span> 
     </span>
     <span class='ocr_line' id='line_1_30' title="bbox 117 3329 1272 3422; baseline 0.001 -24"><span class='ocrx_word' id='word_1_268' title='bbox 117 3341 285 3415; x_wconf 72' lang='lat' dir='ltr'>spirantibus,</span> <span class='ocrx_word' id='word_1_269' title='bbox 310 3341 345 3398; x_wconf 85' lang='lat' dir='ltr'>ci.</span> <span class='ocrx_word' id='word_1_270' title='bbox 368 3333 411 3401; x_wconf 77' lang='lat' dir='ltr'>rol</span> <span class='ocrx_word' id='word_1_271' title='bbox 433 3329 697 3422; x_wconf 69' lang='grc' dir='ltr'><em>ἐνρῦτιοκειμένῳ</em></span> <span class='ocrx_word' id='word_1_272' title='bbox 720 3332 881 3422; x_wconf 76' lang='grc' dir='ltr'><em>ἐλέγετο</em></span> <span class='ocrx_word' id='word_1_273' title='bbox 897 3340 927 3415; x_wconf 85' lang='grc'>3,</span> <span class='ocrx_word' id='word_1_274' title='bbox 943 3341 985 3402; x_wconf 91' lang='grc'>32</span> <span class='ocrx_word' id='word_1_275' title='bbox 1003 3365 1038 3393; x_wconf 88' lang='lat'>=</span> <span class='ocrx_word' id='word_1_276' title='bbox 1056 3341 1087 3414; x_wconf 92' lang='grc'>1,</span> <span class='ocrx_word' id='word_1_277' title='bbox 1104 3342 1154 3400; x_wconf 82' lang='grc'><strong>21.</strong></span> <span class='ocrx_word' id='word_1_278' title='bbox 1179 3343 1215 3399; x_wconf 81' lang='grc' dir='ltr'><strong>ο1.</strong></span> <span class='ocrx_word' id='word_1_279' title='bbox 1228 3338 1272 3400; x_wconf 81' lang='grc'><strong>3-1)</strong></span> 
     </span>
     <span class='ocr_line' id='line_1_31' title="bbox 116 3430 1272 3525; baseline 0 -23"><span class='ocrx_word' id='word_1_280' title='bbox 116 3446 191 3502; x_wconf 74' lang='lat'>4:</span> <span class='ocrx_word' id='word_1_281' title='bbox 211 3440 314 3500; x_wconf 84' lang='grc' dir='ltr'><strong>11ν11</strong></span> <span class='ocrx_word' id='word_1_282' title='bbox 329 3459 374 3514; x_wconf 88' lang='lat' dir='ltr'>sq.</span> <span class='ocrx_word' id='word_1_283' title='bbox 401 3431 573 3518; x_wconf 85' lang='grc' dir='ltr'><em>συνώνυμα</em></span> <span class='ocrx_word' id='word_1_284' title='bbox 601 3438 639 3503; x_wconf 77' lang='grc' dir='ltr'>δέ</span> <span class='ocrx_word' id='word_1_285' title='bbox 661 3462 698 3523; x_wconf 81' lang='lat' dir='ltr'>ya</span> <span class='ocrx_word' id='word_1_286' title='bbox 720 3430 1015 3525; x_wconf 80' lang='grc' dir='ltr'><strong>ἤν31),7--1.,6.</strong></span> <span class='ocrx_word' id='word_1_287' title='bbox 1038 3451 1189 3516; x_wconf 83' lang='lat' dir='ltr'>praetcrea</span> <span class='ocrx_word' id='word_1_288' title='bbox 1211 3440 1272 3502; x_wconf 87' lang='lat' dir='ltr'>c.5</span> 
     </span>
     <span class='ocr_line' id='line_1_32' title="bbox 118 3534 1274 3628; baseline 0.001 -25"><span class='ocrx_word' id='word_1_289' title='bbox 118 3545 221 3604; x_wconf 89' lang='lat' dir='ltr'>nititur</span> <span class='ocrx_word' id='word_1_290' title='bbox 242 3544 278 3602; x_wconf 90' lang='lat' dir='ltr'>iis</span> <span class='ocrx_word' id='word_1_291' title='bbox 302 3557 378 3616; x_wconf 88' lang='lat' dir='ltr'>quae</span> <span class='ocrx_word' id='word_1_292' title='bbox 400 3534 574 3601; x_wconf 84' lang='lat' dir='ltr'>determinat</span> <span class='ocrx_word' id='word_1_293' title='bbox 590 3560 651 3616; x_wconf 91' lang='lat' dir='ltr'>cap.</span> <span class='ocrx_word' id='word_1_294' title='bbox 668 3544 688 3602; x_wconf 84' lang='lat'>2</span> <span class='ocrx_word' id='word_1_295' title='bbox 711 3554 740 3604; x_wconf 88' lang='lat' dir='ltr'>et</span> <span class='ocrx_word' id='word_1_296' title='bbox 762 3537 826 3606; x_wconf 80' lang='grc' dir='ltr'>ὅσα</span> <span class='ocrx_word' id='word_1_297' title='bbox 848 3539 882 3606; x_wconf 80' lang='grc' dir='ltr'><em>ἐν</em></span> <span class='ocrx_word' id='word_1_298' title='bbox 903 3535 988 3628; x_wconf 76' lang='grc' dir='ltr'>ἀρχῇ</span> <span class='ocrx_word' id='word_1_299' title='bbox 1010 3538 1130 3628; x_wconf 71' lang='grc' dir='ltr'><em>ἒῤῥέθη</em></span> <span class='ocrx_word' id='word_1_300' title='bbox 1143 3545 1160 3602; x_wconf 93' lang='lat' dir='ltr'>i.</span> <span class='ocrx_word' id='word_1_301' title='bbox 1175 3561 1200 3604; x_wconf 92' lang='lat' dir='ltr'>e.</span> <span class='ocrx_word' id='word_1_302' title='bbox 1213 3547 1274 3604; x_wconf 83' lang='lat' dir='ltr'>c.4</span> 
     </span>
     <span class='ocr_line' id='line_1_33' title="bbox 119 3641 1271 3720; baseline 0.003 -16"><span class='ocrx_word' id='word_1_303' title='bbox 119 3647 244 3704; x_wconf 90' lang='lat' dir='ltr'>citantur</span> <span class='ocrx_word' id='word_1_304' title='bbox 259 3643 324 3703; x_wconf 91' lang='grc'><strong>111)</strong></span> <span class='ocrx_word' id='word_1_305' title='bbox 341 3641 391 3714; x_wconf 87' lang='grc'><strong>12,</strong></span> <span class='ocrx_word' id='word_1_306' title='bbox 416 3650 444 3701; x_wconf 88' lang='lat' dir='ltr'>ct</span> <span class='ocrx_word' id='word_1_307' title='bbox 465 3658 694 3719; x_wconf 79' lang='lat' dir='ltr'>paronymorum</span> <span class='ocrx_word' id='word_1_308' title='bbox 716 3648 734 3704; x_wconf 96' lang='lat' dir='ltr'>i.</span> <span class='ocrx_word' id='word_1_309' title='bbox 752 3664 778 3704; x_wconf 93' lang='lat' dir='ltr'>c.</span> <span class='ocrx_word' id='word_1_310' title='bbox 795 3647 824 3719; x_wconf 88' lang='grc'>1,</span> <span class='ocrx_word' id='word_1_311' title='bbox 842 3646 881 3705; x_wconf 95' lang='grc'>11</span> <span class='ocrx_word' id='word_1_312' title='bbox 906 3648 1015 3720; x_wconf 90' lang='lat' dir='ltr'>passim</span> <span class='ocrx_word' id='word_1_313' title='bbox 1028 3664 1101 3706; x_wconf 89' lang='lat' dir='ltr'>usus</span> <span class='ocrx_word' id='word_1_314' title='bbox 1113 3657 1145 3707; x_wconf 92' lang='lat' dir='ltr'>ut</span> <span class='ocrx_word' id='word_1_315' title='bbox 1161 3648 1204 3707; x_wconf 88' lang='grc'>61)</span> <span class='ocrx_word' id='word_1_316' title='bbox 1221 3647 1271 3709; x_wconf 92' lang='grc'>13.</span> 
     </span>
     <span class='ocr_line' id='line_1_34' title="bbox 119 3743 1273 3824; baseline 0.005 -18"><span class='ocrx_word' id='word_1_317' title='bbox 119 3747 170 3819; x_wconf 90' lang='grc'>10,</span> <span class='ocrx_word' id='word_1_318' title='bbox 187 3744 229 3808; x_wconf 79' lang='grc'>28</span> <span class='ocrx_word' id='word_1_319' title='bbox 241 3763 306 3820; x_wconf 91' lang='lat' dir='ltr'>sqq.</span> <span class='ocrx_word' id='word_1_320' title='bbox 330 3744 395 3806; x_wconf 91' lang='grc'><strong>101)</strong></span> <span class='ocrx_word' id='word_1_321' title='bbox 411 3743 461 3807; x_wconf 92' lang='grc'>10.</span> <span class='ocrx_word' id='word_1_322' title='bbox 479 3743 544 3804; x_wconf 92' lang='grc'><strong>111)</strong></span> <span class='ocrx_word' id='word_1_323' title='bbox 560 3746 589 3814; x_wconf 81' lang='grc'>0.</span> <span class='ocrx_word' id='word_1_324' title='bbox 617 3747 668 3820; x_wconf 88' lang='grc'>12,</span> <span class='ocrx_word' id='word_1_325' title='bbox 684 3745 725 3808; x_wconf 78' lang='grc'>37</span> <span class='ocrx_word' id='word_1_326' title='bbox 758 3758 796 3808; x_wconf 88' lang='lat' dir='ltr'>ut</span> <span class='ocrx_word' id='word_1_327' title='bbox 818 3764 1048 3824; x_wconf 74' lang='lat' dir='ltr'>synonymorum</span> <span class='ocrx_word' id='word_1_328' title='bbox 1070 3749 1099 3823; x_wconf 79' lang='lat'>3,</span> <span class='ocrx_word' id='word_1_329' title='bbox 1116 3750 1166 3808; x_wconf 86' lang='grc'>24.</span> <span class='ocrx_word' id='word_1_330' title='bbox 1183 3747 1228 3810; x_wconf 95' lang='grc'>31)</span> <span class='ocrx_word' id='word_1_331' title='bbox 1243 3750 1273 3824; x_wconf 83' lang='grc'>7,</span> 
     </span>
     <span class='ocr_line' id='line_1_35' title="bbox 120 3839 1348 3926; baseline 0.006 -20"><span class='ocrx_word' id='word_1_332' title='bbox 120 3839 245 3922; x_wconf 87' lang='lat' dir='ltr'>quorum</span> <span class='ocrx_word' id='word_1_333' title='bbox 269 3849 387 3922; x_wconf 89' lang='lat' dir='ltr'>quidem</span> <span class='ocrx_word' id='word_1_334' title='bbox 411 3849 579 3908; x_wconf 88' lang='lat' dir='ltr'>discrimine</span> <span class='ocrx_word' id='word_1_335' title='bbox 603 3866 689 3908; x_wconf 92' lang='lat' dir='ltr'>omne</span> <span class='ocrx_word' id='word_1_336' title='bbox 711 3852 770 3908; x_wconf 91' lang='lat' dir='ltr'>boc</span> <span class='ocrx_word' id='word_1_337' title='bbox 791 3850 939 3908; x_wconf 88' lang='lat' dir='ltr'>dividendi</span> <span class='ocrx_word' id='word_1_338' title='bbox 962 3846 1091 3910; x_wconf 79' lang='lat' dir='ltr'>studium</span> <span class='ocrx_word' id='word_1_339' title='bbox 1115 3855 1275 3926; x_wconf 81' lang='lat' dir='ltr'>explicatur</span> <span class='ocrx_word' id='word_1_340' title='bbox 1343 3892 1348 3899; x_wconf 84' lang='lat'><em>-</em></span> 
     </span>
     <span class='ocr_line' id='line_1_36' title="bbox 119 3944 1275 4035; baseline 0.005 -29"><span class='ocrx_word' id='word_1_341' title='bbox 119 3950 310 4035; x_wconf 83' lang='lat' dir='ltr'>proficiscens</span> <span class='ocrx_word' id='word_1_342' title='bbox 333 3952 405 4010; x_wconf 87' lang='lat' dir='ltr'>illud</span> <span class='ocrx_word' id='word_1_343' title='bbox 428 3952 463 4009; x_wconf 86' lang='lat' dir='ltr'>ab</span> <span class='ocrx_word' id='word_1_344' title='bbox 486 3951 522 4008; x_wconf 92' lang='lat' dir='ltr'>iis</span> <span class='ocrx_word' id='word_1_345' title='bbox 540 3968 621 4032; x_wconf 88' lang='lat' dir='ltr'>quae</span> <span class='ocrx_word' id='word_1_346' title='bbox 641 3944 803 4032; x_wconf 81' lang='grc' dir='ltr'><em>λέγεται</em></span> <span class='ocrx_word' id='word_1_347' title='bbox 826 3968 943 4025; x_wconf 90' lang='lat' dir='ltr'>quoque</span> <span class='ocrx_word' id='word_1_348' title='bbox 963 3954 1051 4012; x_wconf 91' lang='lat' dir='ltr'>modo</span> <span class='ocrx_word' id='word_1_349' title='bbox 1068 3955 1275 4029; x_wconf 84' lang='lat' dir='ltr'>distinguendi</span> 
     </span>
     <span class='ocr_line' id='line_1_37' title="bbox 120 4043 1274 4136; baseline 0.004 -27"><span class='ocrx_word' id='word_1_350' title='bbox 120 4051 180 4109; x_wconf 87' lang='lat' dir='ltr'>sint</span> <span class='ocrx_word' id='word_1_351' title='bbox 201 4050 272 4108; x_wconf 89' lang='lat' dir='ltr'>varii</span> <span class='ocrx_word' id='word_1_352' title='bbox 297 4053 345 4124; x_wconf 92' lang='lat' dir='ltr'>qui</span> <span class='ocrx_word' id='word_1_353' title='bbox 370 4043 507 4111; x_wconf 83' lang='lat' dir='ltr'>dicuntur</span> <span class='ocrx_word' id='word_1_354' title='bbox 529 4055 608 4111; x_wconf 87' lang='lat' dir='ltr'>modi</span> <span class='ocrx_word' id='word_1_355' title='bbox 632 4055 693 4112; x_wconf 88' lang='lat' dir='ltr'>sive</span> <span class='ocrx_word' id='word_1_356' title='bbox 715 4044 838 4136; x_wconf 81' lang='grc' dir='ltr'><em>τρόποι</em></span> <span class='ocrx_word' id='word_1_357' title='bbox 860 4054 947 4112; x_wconf 90' lang='lat' dir='ltr'>etiam</span> <span class='ocrx_word' id='word_1_358' title='bbox 969 4055 1000 4112; x_wconf 91' lang='lat' dir='ltr'>in</span> <span class='ocrx_word' id='word_1_359' title='bbox 1023 4056 1147 4130; x_wconf 81' lang='lat' dir='ltr'>singulis</span> <span class='ocrx_word' id='word_1_360' title='bbox 1163 4057 1274 4118; x_wconf 88' lang='lat' dir='ltr'>entium</span> 
     </span>
     <span class='ocr_line' id='line_1_38' title="bbox 120 4142 1276 4237; baseline 0.005 -27"><span class='ocrx_word' id='word_1_361' title='bbox 120 4152 286 4224; x_wconf 84' lang='lat' dir='ltr'>categoriis.</span> <span class='ocrx_word' id='word_1_362' title='bbox 307 4154 353 4211; x_wconf 82' lang='lat' dir='ltr'>vel</span> <span class='ocrx_word' id='word_1_363' title='bbox 381 4153 576 4217; x_wconf 86' lang='lat' dir='ltr'>divisionibus</span> <span class='ocrx_word' id='word_1_364' title='bbox 610 4142 719 4231; x_wconf 90' lang='lat' dir='ltr'>quibus</span> <span class='ocrx_word' id='word_1_365' title='bbox 748 4158 839 4215; x_wconf 86' lang='lat' dir='ltr'>utitur</span> <span class='ocrx_word' id='word_1_366' title='bbox 870 4157 976 4237; x_wconf 8' lang='lat' dir='ltr'>oratio»,</span> <span class='ocrx_word' id='word_1_367' title='bbox 1008 4149 1050 4218; x_wconf 80' lang='grc' dir='ltr'>τὰ</span> <span class='ocrx_word' id='word_1_368' title='bbox 1083 4151 1276 4237; x_wconf 67' lang='grc' dir='ltr'><em>πλεοναχῶς</em></span> 
     </span>
     <span class='ocr_line' id='line_1_39' title="bbox 116 4243 1273 4339; baseline 0.008 -29"><span class='ocrx_word' id='word_1_369' title='bbox 116 4243 283 4332; x_wconf 75' lang='grc' dir='ltr'><em>λεγόμενα</em></span> <span class='ocrx_word' id='word_1_370' title='bbox 300 4256 340 4331; x_wconf 86' lang='lat' dir='ltr'>ci.</span> <span class='ocrx_word' id='word_1_371' title='bbox 357 4251 406 4313; x_wconf 84' lang='grc'>81)</span> <span class='ocrx_word' id='word_1_372' title='bbox 418 4253 458 4313; x_wconf 85' lang='grc'>26</span> <span class='ocrx_word' id='word_1_373' title='bbox 482 4257 518 4329; x_wconf 85' lang='lat' dir='ltr'>da</span> <span class='ocrx_word' id='word_1_374' title='bbox 541 4258 677 4339; x_wconf 89' lang='lat' dir='ltr'>qualitate</span> <span class='ocrx_word' id='word_1_375' title='bbox 700 4268 727 4320; x_wconf 90' lang='lat' dir='ltr'>ct</span> <span class='ocrx_word' id='word_1_376' title='bbox 750 4260 780 4318; x_wconf 91' lang='lat' dir='ltr'>in</span> <span class='ocrx_word' id='word_1_377' title='bbox 802 4268 914 4334; x_wconf 90' lang='lat' dir='ltr'>postpr.</span> <span class='ocrx_word' id='word_1_378' title='bbox 939 4257 1273 4332; x_wconf 84' lang='grc' dir='ltr'><strong>ο.10.12.13.14.15-,</strong></span> 
     </span>
     <span class='ocr_line' id='line_1_40' title="bbox 121 4348 1275 4443; baseline 0.007 -31"><span class='ocrx_word' id='word_1_379' title='bbox 121 4356 156 4412; x_wconf 89' lang='grc' dir='ltr'><strong>ο1.</strong></span> <span class='ocrx_word' id='word_1_380' title='bbox 179 4351 239 4436; x_wconf 81' lang='grc' dir='ltr'>τῆς</span> <span class='ocrx_word' id='word_1_381' title='bbox 260 4350 339 4438; x_wconf 79' lang='grc' dir='ltr'><strong><em>περὶ</em></strong></span> <span class='ocrx_word' id='word_1_382' title='bbox 370 4348 408 4415; x_wconf 81' lang='grc' dir='ltr'>τὸ</span> <span class='ocrx_word' id='word_1_383' title='bbox 437 4349 539 4421; x_wconf 80' lang='grc' dir='ltr'><em>ποιὸν</em></span> <span class='ocrx_word' id='word_1_384' title='bbox 572 4350 829 4443; x_wconf 39' lang='grc' dir='ltr'><em>διαιρέσεως,</em></span> <span class='ocrx_word' id='word_1_385' title='bbox 842 4361 893 4436; x_wconf 84' lang='grc'>10,</span> <span class='ocrx_word' id='word_1_386' title='bbox 910 4361 966 4436; x_wconf 85' lang='grc'>10)</span> <span class='ocrx_word' id='word_1_387' title='bbox 1002 4365 1055 4422; x_wconf 92' lang='lat' dir='ltr'>sed</span> <span class='ocrx_word' id='word_1_388' title='bbox 1088 4363 1174 4422; x_wconf 90' lang='lat' dir='ltr'>ctiam</span> <span class='ocrx_word' id='word_1_389' title='bbox 1207 4369 1275 4436; x_wconf 91' lang='lat' dir='ltr'>post</span> 
     </span>
    </p>
   </div>
   <div class='ocr_carea' id='block_1_3' title="bbox 0 0 1500 5048">
    <p class='ocr_par' dir='ltr' id='par_1_3' title="bbox 0 0 1500 5048">
     <span class='ocr_line' id='line_1_41' title="bbox 0 0 1500 5048; baseline 0 0"><span class='ocrx_word' id='word_1_390' title='bbox 0 0 1500 5048; x_wconf 95' lang='lat' dir='ltr'> </span> 
     </span>
    </p>
   </div>
  </div>
 </body>
</html>
