3196 5232
715 459 779 526 203

168 625 278 692 κινοῦν
311 622 401 694 levir
433 621 504 711 ἅμα
536 629 583 716 τῷ
615 625 811 715 κινουμένῳ,
847 649 882 694 aa
915 630 1270 708 detrectaremus
1297 636 1327 694 et

167 731 280 792 minuta
313 736 564 798 demonstratione
596 744 625 795 et
654 735 798 796 inutiliter
835 737 956 811 repetita
990 737 1027 796 da
1060 737 1198 798 omuibus
1231 736 1325 795 tribus

136 877 139 884 .
167 840 266 894 motus
289 839 448 909 generibus
471 854 634 913 eorumque
656 838 813 912 speciebus
829 839 993 898 secundum
1008 838 1143 896 ordinem
1156 839 1325 913 diligentem
1348 891 1364 898 ..

167 933 349 1010 explicatur?
376 940 448 1014 quid
467 940 605 1013 denique
632 939 699 998 illac
726 956 802 1014 quae
824 947 893 1015 post
914 939 1142 1013 disputationem
1165 941 1242 1000 eirca
1264 931 1325 1002 dt-
1442 1009 1445 1014 ,

166 1027 305 1100 λοίωσιν·
327 1040 489 1102 institutam
513 1039 558 1115 (7,
574 1040 609 1115 3)
637 1057 732 1116 aeque
760 1043 939 1116 singularem
967 1042 1049 1101 nullo
1077 1057 1132 1100 nec
1158 1059 1225 1102 cum
1246 1043 1326 1128 prio-

166 1140 249 1200 ribus
272 1157 328 1202 nee
350 1143 426 1204 inter
455 1159 488 1204 se
510 1159 589 1204 nexu
619 1145 768 1204 adduntur
793 1143 983 1219 quaestiones
1006 1139 1051 1216 (7,
1068 1143 1104 1216 4)
1133 1144 1169 1202 de
1195 1143 1325 1204 motibus

167 1243 270 1318 quales
303 1244 363 1308 sint
395 1244 472 1308 inter
506 1262 538 1305 se
572 1247 787 1322 comparabiles
813 1249 857 1319 (κ.
880 1235 1081 1328 σομβληταί)
1114 1253 1143 1304 et
1176 1253 1325 1320 postremo

167 1341 248 1418 (7,5
278 1346 314 1404 el.
342 1361 397 1404 van
427 1347 564 1422 Coppelle
591 1349 628 1407 ad
654 1348 741 1410 Arist.
770 1351 901 1410 Meshan.
929 1366 957 1424 p.
975 1343 1147 1421 tes-em
1182 1349 1325 1422 quaedam

167 1463 242 1522 quae
269 1449 306 1507 ad
333 1450 534 1509 mechanicam
567 1457 700 1526 spectant
729 1453 766 1511 de
792 1452 820 1512 ri
845 1447 989 1512 matrice?
1022 1451 1136 1520 Quibus
1164 1451 1201 1510 de
1228 1450 1326 1510 causis

166 1551 219 1624 (cl
244 1552 331 1612 etiam
353 1567 443 1612 usum
464 1552 595 1612 alienum
617 1555 781 1630 categoriae
802 1551 863 1616 τοῦ
877 1544 963 1638 πρός
973 1571 1008 1616 τι
1018 1550 1092 1628 πῶς
1103 1543 1188 1631 ἔχειν
1199 1551 1282 1614 2461)
1295 1553 1324 1612 4.

166 1651 240 1726 247,
256 1653 284 1712 2.
301 1651 348 1716 113
371 1663 401 1713 et
421 1655 452 1712 in
475 1661 573 1714 textus
596 1657 694 1716 verbis
717 1674 734 1715 a
756 1657 908 1731 Simplicio
924 1656 1048 1718 servatis
1058 1648 1120 1730 τοὶς
1131 1650 1326 1738 παθητικὰς

166 1749 383 1838 λεγομένας
415 1747 600 1840 ποιότητας
631 1757 855 1833 Peripateticum
889 1760 1036 1832 quendam
1068 1760 1225 1821 manifesto
1256 1775 1325 1834 pro-

166 1860 287 1932 dentes,
311 1868 462 1934 praeterea
484 1849 569 1943 iniq
586 1859 659 1934 243,
676 1859 733 1934 10)
750 1861 863 1920 librum
887 1861 1043 1936 septimum
1067 1877 1084 1920 e
1106 1862 1238 1938 Physicis
1261 1862 1326 1922 Ari·

166 1962 280 2022 stotelis
313 1977 421 2022 censeo
455 1977 523 2022 esse
557 1963 745 2024 eliciendum.
790 1961 949 2032 Quo-vero
977 1971 1108 2037 tempore
1136 1964 1244 2038 scripta
1267 1964 1326 2024 siut
1432 2041 1434 2044 Ι
1546 1959 1548 1967 ⁴

164 2064 288 2142 Physica
310 2097 351 2108 --
374 2065 483 2138 scripta
504 2082 575 2125 vero
598 2081 666 2126 esse
688 2073 803 2128 constat
826 2072 858 2124 ut
879 2072 948 2139 post
969 2065 1088 2124 Rhetor.
1112 2067 1175 2126 dtu.
1197 2071 1226 2125 et
1241 2065 1323 2125 Polit.

164 2167 203 2226 ita
226 2168 337 2242 aliquot
359 2167 444 2226 annis
467 2175 535 2241 post
559 2168 1124 2249 SpeusippilsoaratisPhilippilmortes
1137 2168 1197 2242 (01.
1210 2165 1323 2239 olom.

164 2267 238 2343 110,
254 2268 283 2330 3.
301 2267 373 2342 111,
390 2267 425 2342 1)
446 2285 510 2332 ,nee
536 2277 615 2356 certe
639 2278 706 2330 ante
730 2271 774 2330 01.
792 2269 855 2330 112
878 2304 919 2314 -
948 2271 978 2330 13
1000 2272 1064 2346 ipse
1086 2270 1215 2345 prodidit
1236 2269 1323 2332 Arist.

163 2373 282 2434 Meteon.
300 2369 329 2445 3,
346 2371 374 2432 2.
392 2367 467 2445 372,
482 2369 524 2432 28
556 2373 640 2446 (nam
668 2391 684 2432 e
711 2375 784 2434 loeis
808 2371 1018 2448 1111111131.
1046 2373 1076 2447 1,
1093 2371 1112 2434 7
1139 2373 1211 2435 nitril
1244 2372 1325 2434 aliud

164 2475 241 2534 sumi
263 2483 361 2549 potest
383 2473 441 2534 nisi
463 2481 531 2548 post
554 2475 597 2533 01.
616 2474 723 2549 1034
759 2477 915 2552 scripsisse
938 2477 1121 2539 Aristotelem
1154 2476 1190 2536 de
1213 2491 1271 2548 qua
1292 2491 1325 2535 re

163 2577 398 2652 comedendam
434 2577 507 2638 salsa
534 2579 624 2638 habet
654 2579 814 2640 Humboldt
844 2580 913 2640 Asia
936 2575 1171 2651 centr.ll‚169)
1205 2577 1256 2636 uhi
1288 2577 1325 2638 de
1440 2557 1444 2565 ’

163 2677 247 2740 iridis
269 2679 380 2740 lunaris
406 2680 588 2754 apparitione
616 2696 759 2757 perquam
785 2699 851 2742 rara
874 2682 920 2744 tris
942 2682 1041 2742 varnis
1062 2682 1168 2740 utitur:
1203 2668 1324 2762 διόπερ

163 2774 198 2844 έν
220 2771 327 2843 ἔτεσιν
353 2772 439 2864 ὑπὲρ
464 2775 506 2844 coi
534 2773 740 2866 πεντήκοντα
768 2777 819 2858 dle
846 2773 1037 2860 ἐνετύχομεν
1061 2771 1180 2858 μόνον,
1214 2783 1325 2855 quibus

164 2884 189 2944 si
211 2901 273 2944 aon
295 2899 328 2944 se
350 2885 449 2960 ipsum
471 2887 569 2949 solum
593 2886 738 2962 signifieat
760 2887 856 2959 (velut
878 2886 1116 2946 loeomanilesto
1129 2888 1166 2945 de
1178 2893 1324 2946 astrorum

165 2987 341 3062 quibusdam
369 2975 626 3048 observationibus
657 2988 775 3046 Meteor.
793 2987 824 3060 1,
839 2986 867 3047 6.
885 2985 972 3050 3431)
988 2985 1030 3049 30
1057 2983 1114 3049 καὶ
1138 2978 1236 3052 αὐτοὶ
1261 2978 1324 3050 ἓω-

163 3080 310 3174 ρέκαμεν
332 3124 373 3134 -
397 3084 450 3166 δὶς
472 3076 546 3173 ἤδη,
571 3091 606 3150 el.
631 3089 669 3150 ib.
694 3105 720 3148 1.
738 3087 789 3150 11.
806 3087 857 3151 15.
886 3097 988 3153 eontra
1012 3092 1108 3152 latiori
1132 3110 1224 3154 sensu
1246 3091 1324 3152 aeci·

163 3194 303 3268 piendum
327 3203 372 3258 est
393 3195 466 3254 illud
488 3186 574 3278 πρὸς
587 3184 647 3276 τήν
662 3179 826 3278 ἡμετέραν
837 3183 1001 3278 αἴσθησιν
1011 3196 1077 3256 Met.
1090 3195 1119 3270 2,
1131 3193 1162 3258 8.
1175 3193 1259 3257 3661)
1271 3192 1323 3269 30,

163 3297 232 3373 licet
253 3298 423 3360 Heracleam
446 3305 524 3356 certe
545 3295 696 3357 Ponticam
719 3297 818 3372 ipsum
829 3298 950 3371 vidisse,
967 3295 1135 3372 113671,
1152 3315 1211 3357 non
1224 3298 1342 3370 minus¹

162 3401 210 3458 vel
233 3417 270 3459 ex
291 3401 348 3460 lroe
369 3401 441 3459 loco·
457 3399 617 3460 verisimile
644 3399 684 3460 sit
704 3417 792 3474 quam
814 3399 999 3476 Byzantium,
1027 3400 1056 3459 id
1084 3401 1165 3474 quod
1185 3407 1265 3473 patet
1287 3413 1323 3458 ex

163 3499 486 3577 1111.3,2.372,15)
509 3509 588 3562 certe
611 3518 671 3561 non
694 3502 825 3560 excludit
847 3516 903 3560 nec
925 3502 961 3560 de
985 3501 1104 3562 Graecis
1127 3501 1248 3562 omniuo
1274 3501 1323 3560 illa

163 3605 286 3680 intelligi
309 3605 417 3664 dehere
440 3611 473 3664 ut
494 3604 618 3664 eredidit
640 3604 735 3664 ldeler
757 3603 898 3677 praetad
911 3603 976 3662 Met
994 3605 1048 3678 lp.
1065 3603 1094 3677 9,
1117 3610 1323 3679 praeterquam

164 3709 245 3782 quod
267 3706 440 3768 Aristotcles
462 3707 500 3766 de
522 3705 559 3764 iis
581 3713 694 3766 mutum
716 3705 747 3764 id
769 3705 914 3764 affirmare
936 3705 1031 3780 potuit
1053 3723 1120 3766 oum
1136 3705 1243 3780 quibus
1258 3707 1325 3781 ipse

163 3809 279 3868 vivebat
300 3815 330 3868 et
349 3809 467 3868 loeutus
490 3817 560 3880 erat,
584 3825 620 3868 ex
643 3824 679 3868 eo
701 3807 838 3883 sequitur
858 3809 938 3881 quod
960 3809 1060 3868 nullus
1084 3816 1164 3868 esset
1177 3810 1324 3870 terminus

163 3929 179 3970 a
212 3925 272 3987 quo
307 3927 463 3974 numerum
498 3913 618 3974 duceret
650 3911 708 3970 nisi
741 3911 828 3995 illud,
849 3910 989 3983 cogitaret
1015 3912 1162 3986 temporis
1196 3913 1322 3988 spatium

164 4031 223 4089 quo
246 4022 276 4074 et
297 4013 392 4088 ipsius
415 4022 445 4073 et
466 4014 633 4090 aequalium
654 4014 712 4074 vita
734 4013 936 4088 memoriaque
952 4013 1093 4074 liniretur.
1124 4015 1244 4076 Accedit
1259 4016 1323 4090 ipsa

163 4116 327 4176 sententiae
349 4115 506 4176 auctoritas
529 4133 588 4192 qua
609 4132 677 4178 esse
699 4118 787 4176 talem
809 4116 911 4174 iridem
936 4123 964 4174 et
985 4116 1077 4176 videri
1100 4133 1190 4192 posse
1206 4116 1322 4187 asserit,

164 4235 256 4294 quum
279 4225 309 4276 et
329 4219 445 4292 priores
458 4215 546 4292 (372,
563 4219 619 4293 22)
640 4228 669 4280 et
691 4221 752 4280 iere
773 4218 953 4294 posteriores
965 4233 1069 4280 omues
1081 4222 1133 4293 (ei.
1147 4215 1321 4290 0111126οι

165 4323 277 4382 Seneca
300 4337 348 4395 qu.
373 4329 431 4380 nat.
453 4319 689 4395 1.,3,1.1,10.
718 4329 847 4382 ceterum
874 4321 981 4382 mirum
1008 4329 1053 4382 est
1080 4323 1159 4395 quod
1187 4333 1263 4394 quae
1285 4320 1323 4380 de

164 4423 238 4488 iride
265 4424 336 4485 dicit
368 4423 540 4485 Aristoteles
574 4426 610 4486 de
638 4438 747 4484 corona
773 4424 867 4484 lunari
890 4425 1099 4499 interpretatus
1120 4437 1188 4483 esse
1211 4422 1349 4482 Seneca

164 4528 281 4592 videtur
295 4525 325 4600 1,
342 4526 372 4602 2,
398 4525 441 4589 10
468 4524 586 4601 de'qua
608 4534 706 4588 tamea
728 4526 787 4588 iem
809 4535 895 4588 antea
914 4525 1074 4602 separatim
1097 4531 1197 4600 egerat
1217 4523 1321 4598 Arist.)
