2954 5048
748 313 810 373 214

205 476 242 534 66
264 477 356 538 boves
378 482 499 559 solidos⁴
516 484 719 545 haurientibus
742 481 829 544 6066
846 482 888 544 10
900 499 964 558 sqq.
992 483 1072 557 quod
1098 489 1201 556 postea
1233 483 1270 542 de
1302 481 1362 540 boa

184 581 397 654 -constrictore
418 585 599 644 confirmarit
621 587 761 661 Megasth.
784 585 818 643 ir.
836 583 886 644 16.
919 584 969 658 qui
992 600 1073 644 error
1099 590 1132 642 ut
1154 582 1265 643 similes
1278 582 1363 641 ‘alio-

206 697 272 739 rum
293 684 379 743 multi
402 701 438 743 ex
460 686 586 761 ancipite
608 687 658 746 illo
680 686 851 760 Aethiopiae
873 685 1001 745 nominis
1032 699 1089 743 usu
1111 684 1221 757 prodiit
1235 684 1279 745 ‘de
1302 699 1364 761 quo

205 783 404 843 Schwaubeck
425 786 498 860 Meg.
521 785 660 862 p.1-5,
684 790 719 847 ci.
744 788 944 863 apudipsum
965 785 1051 844 Arist.
1075 783 1147 857 606,
1172 782 1191 844 6
1214 781 1361 847 618661

204 877 287 951 idem
309 884 370 944 tere
397 894 426 945 et
453 904 489 946 ex
511 890 662 951 Herodoto
688 891 725 948 de
746 890 855 964 Libya
866 896 895 947 et
916 890 952 947 de
975 887 1057 945 lndia
1079 901 1114 944 ex
1138 884 1361 962 (6661666666

205 985 241 1042 66
264 984 451 1059 serpentibus
474 989 644 1065 Aethiopiae
666 991 750 1051 alatis
772 992 859 1050 Arist.
876 989 949 1061 490,
966 987 1016 1047 11.
1040 988 1075 1046 61.
1099 984 1361 1060 Meg.lr.12.14;

205 1084 285 1153 idem
307 1104 382 1162 quae
406 1090 442 1149 de
464 1092 565 1165 aspide
586 1093 704 1168 Libyca,
726 1095 765 1152 66
788 1108 844 1166 qpa
867 1087 1050 1162 6661216
1073 1095 1102 1164 61
1112 1087 1176 1146 mir.
1189 1085 1266 1160 142,
1283 1090 1362 1153 etde

95 1233 104 1255 ,
206 1190 345 1261 eoquod
372 1204 409 1248 ex
435 1206 471 1249 ea
502 1203 692 1268 praeparetur
724 1181 886 1276 σηπτικόν
913 1206 960 1250 66
978 1189 1075 1248 Ctesia
1099 1205 1220 1248 narrare
1246 1189 1363 1248 videtur

204 1286 293 1358 Arist
310 1287 382 1363 607,
398 1288 450 1365 21,
478 1296 620 1368 spectavit
646 1296 672 1355 is
700 1297 750 1370 qui
777 1293 925 1355 Aristoteli
952 1290 1071 1350 tradidit
1098 1305 1132 1348 ea
1160 1305 1236 1363 quae
1263 1291 1364 1364 paullo

204 1396 274 1462 post
295 1402 504 1452 commemorat
524 1393 595 1469 607,
610 1393 748 1471 32-ε34,
782 1413 824 1458 66.
851 1393 970 1457 Macedo
1005 1390 1140 1463 quidemr
1170 1391 1248 1449 idem
1282 1392 1363 1451 euim

206 1497 309 1562 postea
336 1493 476 1568 Megasth.
510 1496 544 1554 tr.
566 1496 616 1571 12,
650 1500 753 1573 Strabo
773 1495 803 1570 3,
819 1494 897 1570 277;
933 1496 969 1553 66
986 1517 988 1520 ⁴
1003 1491 1128 1568 gruibus
1154 1498 1183 1549 et
1208 1493 1365 1566 pygmaeis

206 1591 254 1649 Ar.
271 1590 343 1666 597,
360 1594 389 1652 4.
414 1597 493 1672 Meg..
511 1600 544 1658 fr.
561 1598 612 1660 29.
629 1597 692 1678 30).
711 1609 719 1616 ·
739 1599 824 1668 0666
846 1599 883 1657 66
904 1594 1088 1670 equicervos,
1110 1594 1298 1666 comparandi
1318 1595 1363 1653 vi-

207 1692 314 1752 dentur
335 1697 531 1770 Megasthcnis
553 1692 658 1762 ἰ’πποι
679 1693 904 1780 μονακέρωτες
925 1684 1153 1778 tropaeam
1175 1695 1231 1753 Str.
1248 1691 1278 1768 3,
1296 1693 1366 1756 289
1391 1713 1394 1718 ·

206 1789 254 1868 (oi.
279 1796 317 1853 66
343 1798 500 1858 mulierum
522 1801 728 1876 Aegyptiarum
756 1800 932 1861 fecunditate
953 1797 1041 1858 Arist.
1062 1791 1151 1854 5841)
1171 1792 1200 1855 7.
1229 1795 1362 1856 Onesiae.

206 1892 261 1952 Str.
278 1891 308 1967 3,
324 1895 410 1976 264).
453 1901 517 1959 166
542 1918 611 1961 vero
640 1904 815 1961 Macedones
843 1900 1010 1972 militesque
1036 1896 1194 1955 Alexandri
1220 1898 1306 1971 sequi
1329 1914 1364 1958 se

206 2001 352 2070 auctores,
374 1999 405 2058 id
427 2002 478 2061 ubi
501 2005 538 2062 de
560 2012 631 2078 potu
654 2006 877 2078 elephantorum
893 2000 1024 2075 loquitur
1046 1998 1165 2057 disertis
1186 1999 1364 2073 verbisipse

206 2097 344 2169 prodidit.
388 2102 435 2161 Ait
456 2105 535 2166 euim
557 2106 596 2164 ita
611 2103 642 2179 8,
658 2105 694 2165 9:
723 2094 741 2166 b
765 2093 800 2165 δ’·
823 2097 948 2186 ἐλέφας
976 2090 1101 2162 ἐσθίεν
1117 2092 1275 2164 πλεῖστον
1300 2096 1363 2178 μὲν

205 2189 385 2276 μεδίμνονς
406 2201 663 2280 Μακεδονικοδς
688 2200 781 2269 ἐννέα
804 2199 863 2268 ἐπὶ
883 2202 966 2283 μνᾶς
987 2198 1128 2285 ἐδωδῆς·
1152 2192 1363 2263 ἐπικίνδυνον

206 2294 245 2360 δέ
266 2295 305 2362 ed
326 2303 486 2367 τοσοῦτον
506 2302 658 2388 πλῆθος·
681 2295 724 2370 6δ
748 2298 780 2374 δ’
804 2300 932 2368 ἐπίπαν
953 2298 991 2380 ἓξ
1014 2296 1195 2384 μεδίμνους
1219 2291 1241 2384 ἢ
1264 2293 1361 2379 ἑπτὰ,
1464 2362 1466 2365 ,

207 2389 359 2483 ἀλφίτων
390 2401 429 2466 δὲ
456 2401 558 2466 πέντε
586 2401 766 2486 μεδίμνους
798 2403 854 2469 καί
887 2399 982 2470 οἴνου
1007 2400 1106 2468 πέντε
1121 2393 1247 2486 accipere
1279 2396 1363 2483 (ἔπι

207 2492 240 2560 δ”,
260 2491 281 2562 d
300 2493 401 2585 μάρνς
422 2495 461 2580 ἓξ
480 2496 647 2585 uocitati·
679 2497 743 2591 ἤδη
768 2504 807 2571 δέ
836 2527 888 2581 τις
921 2501 1015 2596 ἔπιεν
1047 2498 1174 2590 ἐλέφας
1199 2503 1365 2590 pauperclo

84 2688 86 2691 ι
205 2591 329 2676 edoceo
351 2603 606 2683 Menedemum
628 2602 776 2685 εἰσάπαξ
800 2604 882 2671 δέκα
904 2605 960 2672 καί
990 2603 1237 2690 τέτταραςκαί
1256 2599 1364 2674 πάλιν

206 2703 266 2787 τῆς
285 2699 399 2791 ,δείλης
420 2698 543 2785 δίλλονς
566 2700 662 2775 ὀκτώ.
689 2715 808 2788 -Neque
829 2712 907 2771 euim
930 2727 1020 2771 causa
1041 2714 1101 2772 ulla
1122 2711 1243 2784 eogitari
1265 2720 1366 2785 potest

208 2823 262 2866 cur
283 2810 333 2883 qui
356 2819 483 2873 ceterum
512 2814 542 2872 iu
566 2816 687 2874 historia
708 2816 876 2875 animalium
899 2815 1001 2873 Atticis
1028 2813 1194 2872 sexcenties
1214 2815 1371 2874 mensium

206 2923 477 2987 mensurarumque'
499 2918 650 2976 vocabulis
672 2925 783 2990 utatur,
813 2916 861 2975 hic
882 2916 1098 2974 Macedonicam
1125 2914 1259 2988 posuerit
1280 2931 1365 2975 meu-

207 3021 316 3080 suram,
338 3012 454 3073 616166
476 3018 596 3089 quoda
617 3020 826 3078 Macedonibus
848 3032 988 3076 numeros
1006 3017 1079 3076 istos
1090 3030 1193 3074 revera
1215 3018 1363 3090 receperit

145 3135 150 3138 ·
207 3121 304 3179 neque
327 3112 489 3176 addidisset
515 3119 561 3177 his
587 3121 743 3178 barbarum
770 3134 927 3177 mensurae
954 3117 1129 3176 vocabulum
1153 3104 1256 3197 μέρις
1282 3111 1376 3196 (66-Δ

207 3207 310 3268 barum
334 3228 404 3274 esse
424 3217 490 3291 ipsc
513 3222 706 3295 explicatione
728 3221 861 3295 apposita
883 3215 1039 3295 significat)
1062 3216 1119 3275 nisi
1132 3217 1211 3289 apud
1222 3218 1364 3280 barbaros

207 3309 381 3375 Macedones
402 3321 594 3395 recepissent.
628 3323 689 3383 ,Est
711 3316 789 3380 enim
810 3309 912 3402 μάρις
933 3318 1210 3377 mensuraemodus
1225 3319 1364 3380 Persicus

207 3413 455 3493 humidornmque
482 3423 521 3482 ita
547 3425 608 3483 iere
635 3423 811 3497 praecipuus
834 3419 1050 3482 utssolidorum
1072 3406 1200 3501 ἆρααίβφ
1233 3415 1282 3495 (66
1305 3438 1365 3495 qua
1450 3450 1452 3453 v

207 3512 314 3581 Herod.
331 3517 360 3592 1,
377 3519 449 3582 192.
472 3525 609 3599 Ρ61γ666.
625 3525 655 3597 4,
672 3521 701 3595 3,
718 3521 787 3600 32),
822 3524 942 3587 nomine
969 3529 1002 3580 ut
1022 3521 1138 3580 videtur
1164 3521 1257 3579 cuivis
1280 3538 1364 3581 men-

209 3614 300 3674 surae
322 3625 472 3682 communi
495 3625 543 3698 (cll
566 3626 656 3682 radic.
680 3621 728 3682 md
750 3639 861 3682 sauser.
885 3619 989 3698 mitra)
1016 3622 1047 3679 in
1072 3629 1185 3680 certum
1213 3624 1362 3695 quoddam

207 3729 304 3788 genus
325 3720 361 3778 ab
383 3722 458 3796 ipsis
481 3726 599 3797 quidem
621 3725 729 3794 Persis,
752 3739 813 3782 non
828 3725 923 3782 solum
938 3724 1150 3793 Macedonibus
1162 3724 1363 3789 narratoribus

208 3825 319 3875 coacto.
363 3821 517 3882 Persicum
541 3840 608 3884 esse
630 3827 726 3884 elucet
747 3825 948 3898 exscriptore
971 3827 1101 3899 quodam
1120 3823 1270 3883 Aristoteli
1291 3826 1364 3884 sub·

207 3918 323 3986 aequali
344 3935 447 3979 rerum,
465 3923 622 3984 Alexandri
644 3942 792 4000 anonymo
813 3935 842 3984 et
864 3925 935 3985 satis
958 3927 1074 3984 rhetore
1096 3939 1184 3997 quem
1207 3926 1364 3999 exscripsit

79 4006 85 4016 ⁰
207 4015 570 4103 Ρο1166105(4,3,32);
604 4028 630 4087 is
656 4027 741 4086 enim
768 4027 819 4085 ubi
852 4034 987 4086 recenset
1021 4026 1171 4098 quomodo
1197 4025 1363 4099 Alexander

100 4172 103 4178 -
205 4107 241 4177 ἐν
261 4116 336 4192 τοῖς·
360 4121 500 4207 Περσῶν
529 4120 718 4206 βασιλείοις
749 4117 873 4211 ἀνέγνω
897 4112 938 4191 ‘cd
960 4119 1131 4205 βασιλέως
1149 4113 1284 4209 δίρισνον
1305 4120 1364 4187 καὶ

166 4279 182 4303 μ,
208 4213 344 4284 δεῖπνον
366 4217 406 4286 ἐν
421 4217 509 4289 κίονι
531 4224 643 4311 χαλκῷ
663 4225 885 4315 γεγραμμένον
912 4228 962 4306 (66
985 4229 1091 4288 eadam
1110 4245 1142 4287 re
1165 4243 1224 4286 666
1248 4227 1362 4288 Ctesias

208 4324 305 4384 solum
327 4329 548 4394 accuratissime
570 4334 623 4391 sed
645 4333 719 4391 hino
743 4349 862 4408 quoque
884 4328 1277 4426 6111666116660666666
1298 4329 1362 4388 Ari-
