2954 5034
752 400 754 403 .
795 345 845 404 20*

234 528 263 578 et
284 520 408 593 abrupta
431 519 599 591 disputatio,
623 524 654 573 ut
677 514 754 572 ltclla
776 513 958 586 virtutesque
982 513 1041 570 siut
1056 528 1117 585 pro
1133 527 1233 570 amore
1249 512 1400 570 etdolorc

235 623 399 695 ceterisque
422 621 531 694 quibus
554 617 737 683 delicatiores
760 614 849 671 animi
873 600 1096 672 commoventur
1111 622 1246 693 quaeque
1259 615 1399 672 ‘studiose

237 725 340 782 sectari
363 740 431 781 vera
455 722 532 779 solet
553 720 633 791 apion
656 716 758 790 poesi-s
779 718 839 772 arte
863 715 1112 788 lactamoresque
1126 716 1213 773 simul
1225 700 1399 774 cumlactis

237 833 266 883 et
287 826 404 900 ingania
427 821 567 880 imitando
588 826 619 877 ‘et
641 818 720 891 quod
733 817 802 874 inde
818 816 952 890 sequitur
966 817 1094 892 lyricum'
1105 819 1252 890 quendam
1268 819 1400 875 colorem

172 929 176 937 '
237 923 581 998 adspergendo'omncm
604 921 759 978 universae
782 919 897 978 lahttlae
919 920 1070 977 iurerum
1085 919 1277 992 singularium
1293 901 1400 976 cantus
1432 909 1433 913 ’

238 1026 382 1097 dissectae
416 1022 557 1084 ambitum
592 1022 691 1087 dedito·
723 1021 888 1094 scientique‘
919 1037 1007 1093 opera
1036 1019 1218 1079 describens.
1264 1021 1302 1078 llt
1326 1022 1399 1078 hacc

233 1126 357 1198 quidem
391 1127 422 1183 in
456 1126 631 1183 immensam
665 1124 728 1196 ipsa
755 1125 813 1180 vltac
846 1130 907 1180 arte
925 1123 1163 1196 >amplitudinem
1193 1131 1223 1180 et
1247 1121 1273 1178 si
1288 1129 1399 1179 vnistrare

237 1227 404 1300 respexeris
426 1225 632 1298 loquacitatem
655 1224 761 1282 diflusa
788 1224 992 1298 lyricae-fere
1009 1225 1092 1296 poesi
1121 1219 1295 1296 cultiorique
1318 1222 1399 1279 *ritae

238 1328 343 1385 rationi
358 1327 520 1401 primoque
534 1327 702 1385 litterarum
726 1327 791 1384 tlori
813 1331 859 1383 est
881 1334 1037 1384 coaetanea
1051 1327 1209 1386 accedente
1224 1340 1293 1382 mox
1306 1323 1398 1383 ctiam

239 1431 381 1503 epopocia
404 1429 547 1502 dialogice
569 1429 588 1485 i.
612 1443 637 1485 e.
661 1436 769 1501 genere
792 1426 959 1496 dramatico,
983 1427 1063 1500 quod
1085 1428 1166 1485 velut
1180 1428 1257 1499 apud
1270 1426 1400 1484 Graecos

240 1533 388 1604 ludosque
411 1528 595 1588 licroicorum
619 1530 779 1587 carminum
802 1528 984 1602 argumentis
1004 1528 1113 1587 nititur.
1158 1528 1237 1586 Talia
1251 1543 1321 1585 vero
1335 1543 1400 1584 car·

133 1619 135 1624 ’
241 1633 321 1690 mina
343 1633 525 1702 scribuntur,
554 1630 692 1690 uoniam
717 1647 767 1689 ore
790 1632 957 1698 traduntur,
986 1631 1205 1689 etvscriltuntur
1225 1629 1346 1702 quidem
1368 1628 1400 1684 in

240 1741 373 1806 tempore
395 1733 509 1791 cultiori
533 1732 569 1790 ah
592 1733 657 1805 ipso
672 1749 716 1801 eo
733 1733 812 1806 quod
830 1728 1001 1788 describunt
1014 1733 1103 1805 longo
1119 1732 1271 1791 intervallo
1287 1737 1401 1789 remota

231 1849 296 1891 nec
314 1843 419 1892 tamen
455 1850 545 1906 quum
580 1835 701 1891 fabriles·
721 1841 835 1891 veteres
861 1839 1006 1904 notasque
1033 1842 1195 1906 sequantur
1221 1833 1260 1890 ita
1285 1839 1318 1889 ut
1345 1845 1402 1888 nec

242 1937 355 1993 irarum
368 1928 579 2007 discrepamiae
603 1934 722 1992 omniuo
734 1935 884 1991 vtollantur
905 1933 1063 2006 ipsumque
1088 1941 1293 2008 argumentum
1313 1941 1401 1991 ratus

242 2037 382 2109 impediat
402 2052 455 2109 pro
479 2037 567 2093 hotius
594 2035 801 2094 intercedentis
824 2035 966 2106 temporis
993 2036 1175 2109 longitudine
1202 2035 1287 2092 novis
1309 2035 1401 2091 robus

242 2145 355 2210 praeter
379 2137 473 2209 ipsam
502 2137 636 2196 narrandi
663 2145 758 2195 artem
781 2145 811 2195 et
832 2138 973 2195 nonnulla
1001 2153 1077 2208 quaa
1099 2135 1401 2210 magiseutrinsecus

240 2240 383 2296 adradunt
404 2240 611 2297 contaminata:
637 2254 696 2311 quo
712 2224 744 2296 m
763 2246 798 2295 ut
813 2238 932 2296 maioris
944 2237 1125 2310 antiquitatis
1134 2235 1399 2311 spcoiedecipiam.

241 2339 325 2407 Quod
352 2354 422 2397 vero
451 2340 570 2396 iliadem
598 2348 626 2397 et
649 2340 812 2412 Odysseam
829 2339 1140 2396 ulrermmaoarmiua
1169 2340 1205 2395 ab
1226 2353 1288 2396 vuno
1311 2345 1399 2409 poeta

240 2441 305 2498 sine
328 2439 432 2498 litteris
455 2440 626 2511 composita,
648 2443 752 2496 rursus
775 2439 883 2498 deinde
905 2449 1024 2513 propter
1045 2441 1143 2513 ipsum
1166 2441 1305 2497 ambitum
1330 2453 1400 2496 can·

240 2534 329 2599 modo
352 2541 478 2600 dissecta
505 2530 534 2597 at
556 2541 649 2596 lacera
678 2541 775 2597 denuo
803 2541 832 2597 in
855 2541 1011 2614 pristinum
1039 2550 1171 2600 tenorem
1197 2541 1291 2599 fuisse
1311 2541 1399 2614 quasi

240 2649 363 2700 consuta
381 2641 486 2699 ‘dicunt
506 2672 548 2682 -
569 2655 645 2713 quae
661 2639 780 2712 quidem
797 2657 875 2700 nunc
890 2643 950 2699 iera
966 2644 1132 2701 dominatur
1147 2643 1247 2715 opinio
1270 2642 1404 2712 (Ritschl

240 2743 320 2802 Alex.
339 2743 413 2801 llilil.
430 2742 481 2802 70.
500 2743 540 2800 cf.
554 2742 666 2799 rectius
683 2742 719 2800 de
732 2742 842 2800 :indicis
854 2745 1043 2802 tasson-tad.
1058 2746 1111 2803 att
1126 2741 1221 2815 154&
1234 2760 1299 2817 sqq.
1316 2743 1397 2816 litto)
1442 2781 1444 2785 -

237 2877 280 2887 -
302 2847 375 2902 haec
395 2852 453 2901 tam
476 2842 647 2901 mirabiliter
667 2844 828 2916 excogitata
850 2847 995 2904 sententia
1017 2854 1062 2903 est
1083 2854 1115 2904 ut
1137 2862 1202 2904 cam
1234 2846 1305 2903 uiuit
1322 2847 1397 2908 tero

238 2927 296 3004 nisi
311 2945 521 3017 chronologiae
537 2938 727 3001 Alexandriae
743 2956 888 3019 receptam
904 2948 979 3004 tueri
995 2947 1401 3021 auctoritatem,intelligatur:

136 3090 139 3094 Α
239 3047 389 3105 (lentando
412 3047 490 3103 enim
514 3056 695 3119 magnorum
708 3054 860 3118 poetarum
884 3050 1010 3107 cannino
1034 3048 1116 3121 epioa
1138 3049 1198 3106 scre
1221 3049 1328 3107 intacta
1342 3068 1397 3123 per

238 3150 337 3206 secula
372 3154 489 3205 servam
515 3145 674 3204 titanum
704 3148 753 3220 qui
781 3165 815 3204 ex
844 3150 959 3223 seriptis
988 3159 1113 3224 possunt
1140 3150 1253 3211 discere
1281 3168 1395 3211 memo-

237 3251 368 3323 riamque
384 3249 529 3321 corrigere
544 3249 623 3306 vclut
637 3248 699 3306 ltali
716 3249 872 3307 driostum.
910 3253 1130 3311 llomericorum
1146 3269 1214 3311 vero
1230 3254 1393 3312 carminum

235 3353 376 3410 umltitum
400 3359 431 3409 ut
455 3365 514 3408 non
538 3365 656 3424 servare
678 3350 817 3424 rhapsodi
840 3351 876 3409 ita
900 3370 959 3412 uon
984 3371 1159 3428 componere
1182 3364 1286 3428 poetae
1309 3365 1393 3429 pote-

233 3460 299 3511 rant
317 3446 374 3510 uisi
397 3451 501 3510 litteris
523 3451 726 3524 perscriptum.
771 3453 831 3509 lloo
853 3462 950 3513 autem
972 3456 1035 3514 lieri
1059 3457 1134 3514 solet
1149 3456 1321 3516 florentibus
1330 3458 1393 3518 iam

234 3543 352 3612 litteris:
373 3553 412 3610 ita
436 3554 675 3612 Mahablmratum
704 3554 766 3613 sive
789 3555 853 3613 eius
880 3555 991 3630 partem
1014 3557 1126 3631 epicam
1149 3567 1178 3616 et
1200 3559 1390 3634 Ramajanum

233 3653 263 3711 in
285 3654 349 3726 ipsa
372 3653 532 3711 litterarum
555 3663 625 3727 post·
646 3655 792 3715 Christum
816 3666 915 3716 uatum
938 3659 1010 3718 tiore
1027 3660 1388 3733 (cruciatuum.

232 3752 295 3814 176
309 3755 390 3828 sqq.)
413 3755 539 3828 primum
562 3756 667 3830 scripta
690 3765 759 3815 sunt
782 3759 936 3817 cultissimi
958 3761 1098 3834 temporis
1121 3760 1272 3832 ingenium
1288 3773 1390 3824 osten-

232 3856 331 3914 dentia
351 3856 467 3929 ipsique
490 3858 662 3917 dramatieae
689 3860 772 3932 poesi
796 3860 946 3932 propiora3
976 3860 1053 3918 idem
1076 3862 1162 3920 docet
1183 3875 1275 3932 quum
1297 3866 1400 3924 medii.

229 3956 296 4015 aevi
326 3957 422 4016 omnis
454 3959 554 4031 poesis
586 3969 650 4020 turn
683 3977 801 4019 carmen
835 3968 968 4019 nostrum
997 3963 1032 4020 de
1059 3961 1288 4034 Nibeluugorum
1317 3967 1385 4025 lato.

226 4057 313 4124 Aliud
334 4059 425 4118 enim
459 4070 504 4119 ast
531 4062 660 4120 carmina
685 4047 845 4134 >popularia
878 4077 979 4133 sparsa
1003 4063 1139 4136 colligere
1161 4071 1190 4122 et
1219 4065 1248 4122 in
1276 4065 1385 4126 librum

224 4161 357 4235 redigere
380 4164 459 4235 quad
481 4164 572 4222 voluit
596 4165 719 4221 Karalus
747 4178 872 4236 magnus
900 4163 1079 4236 perfecitque
1108 4167 1269 4235 carminum
1291 4168 1385 4226 lslau-

223 4261 355 4321 dicorum
377 4265 516 4337 collector
541 4271 572 4321 et
598 4267 675 4336 apud
697 4264 786 4322 indos
809 4266 983 4324 Vedicorum
1012 4266 1103 4338 (sicut
1125 4274 1226 4326 nostro
1249 4278 1385 4343 tempore

185 4442 187 4445 .
220 4362 352 4423 hdnnrot
373 4364 402 4423 in
426 4364 564 4434 Florius,
589 4379 715 4436 quorum
737 4365 858 4427 minime
882 4367 964 4439 opica
987 4367 1032 4427 e'st
1051 4370 1169 4429 tabulae
1191 4371 1304 4442 unitas,
1327 4355 1382 4431 sed
1422 4351 1430 4367 x
