2954 5048
770 327 832 388 252

225 501 303 571 aliod
327 499 426 570 posuit
447 499 555 558 Lclund
581 498 698 555 collect.
716 496 803 569 nlo
826 501 1061 575 ,‚Cornpendium
1078 507 1120 562 ,do
1144 505 1228 564 dietis
1251 508 1379 566 silaciis

225 599 464 660 memorabilibus
491 600 602 658 incerte
629 607 763 673 tractore,
798 603 853 660 inc.
879 604 1055 677 Sapientiam
1084 607 1296 680 antiquorum”‚
1320 623 1380 666 unu

224 702 280 760 uisi
305 701 444 774 inspectis
467 701 619 759 codicibus
642 702 771 775 Anglieis
795 703 921 762 discerni
944 710 1056 781 potest)
1080 725 1115 767 ex
1139 726 1174 767 eo
1198 715 1277 782 patet
1300 709 1377 780 <ruod

224 803 390 860 Waltbcrus
412 801 463 873 qui
486 818 501 860 a
525 803 642 860 Tholeto
665 807 819 876 usquead
844 807 985 864 Senecam
1008 818 1111 881 poetas
1134 815 1163 866 et
1184 810 1378 882 philosophos

222 904 354 976 exposita
385 902 458 960 vitae
486 905 588 961 aetatis
615 906 792 978 scriptorum
821 908 920 966 notitia
949 911 1068 969 cosdem
1094 912 1153 969 iere
1176 926 1280 969 ornnes
1302 926 1379 983 quos

223 1021 259 1063 ex
283 1005 385 1064 iisdem
409 1005 538 1064 lontibus
562 1007 732 1072 Vincentius
763 1011 902 1081 apposuit
924 1012 1065 1084 deinceps
1087 1013 1192 1072 ordine
1215 1006 1286 1073 satis
1307 1032 1380 1073 con·

223 1108 289 1164 suso
318 1116 470 1166 enumerat
492 1140 532 1148 —-
560 1111 665 1169 multo*
680 1109 792 1166 meliori
821 1110 899 1168 enim
927 1120 955 1169 et
982 1113 1087 1171 teriori
1116 1113 1261 1174 walensis
1289 1117 1380 1181 utitur

222 1209 273 1280 (pri
296 1216 363 1280 post
384 1216 495 1280 partem
513 1210 893 1287 primamintroductoriam
908 1230 924 1272 a
941 1214 1183 1288 pbilosophorum
1200 1219 1378 1277 Graecorum

223 1311 250 1368 iu
275 1310 403 1368 italicum
425 1326 521 1383 genus
540 1320 573 1368 ‘et
593 1312 727 1370 lonicum
752 1315 914 1371 secuudum
937 1315 1132 1389 Augustiuum
1161 1326 1311 1378 auctorem
1335 1319 1379 1379 di·

125 1461 134 1481 ,
221 1408 563 1485 11111116(113,1,1)’
589 1420 687 1470 sumto
721 1413 865 1488 principio
893 1415 986 1474 finivit
1012 1417 1041 1476 io
1070 1420 1261 1482 translatione
1290 1423 1378 1481 studii

222 1531 317 1588 usqrae
339 1514 469 1574 Parisios
492 1513 559 1587 (10,
577 1513 612 1586 6)
634 1522 664 1572 61
687 1514 805 1574 [lxooas
828 1514 895 1589 (10,
912 1516 947 1590 3)
962 1542 1013 1568 ,-·-
1040 1507 1223 1592 querendam
1246 1526 1380 1600 ¹philoso-

220 1610 345 1690 phorum
369 1633 444 1690 quae
466 1617 576 1690 passim
600 1617 628 1675 in
653 1617 712 1677 sure
733 1619 818 1676 addit
837 1619 934 1690 „dieta
949 1621 1107 1694 elegantia'
1129 1634 1166 1682 ex
1182 1626 1285 1683 eodem
1299 1626 1379 1684 sonte

219 1720 365 1779 sumsisse
389 1718 618 1791 deprehenditur
631 1730 632 1733 ’
646 1714 734 1790 quem
753 1720 984 1780 iamWelensis
1012 1723 1076 1780 sine
1105 1725 1224 1783 nomine
1250 1727 1379 1786 auctoris

219 1822 316 1882 citavit
348 1826 522 1892 ,tractatum
555 1820 592 1878 de
621 1821 706 1878 dictis
735 1822 994 1895 philosophorum’
1026 1824 1226 1900 (Compendil.
1242 1825 1273 1900 3,
1290 1828 1320 1900 2,
1338 1827 1379 1888 12

195 1927 255 1983 ‘de
279 1924 407 1996 Diogene
429 1921 465 1979 cl.
489 1921 567 1979 liurl.
592 1938 616 1979 1.
633 1920 684 1994 51),
706 1925 745 1980 de
766 1923 886 1982 Socrate
901 1922 931 1996 3,
947 1922 977 1994 3,
994 1922 1035 1985 13
1061 1928 1096 1984 cl.
1122 1928 1199 1986 Buri
1223 1927 1317 2001 130,
1340 1931 1377 1989 de

217 2025 372 2086 Aristotele
386 2022 417 2096 3,
434 2020 464 2094 5,
481 2020 532 2094 18,
557 2024 593 2081 de
609 2021 817 2096 116111111163,
834 2022 863 2097 5,
879 2025 921 2085 22
942 2028 979 2085 11.
996 2028 1075 2086 lturl.
1092 2045 1117 2086 1.
1135 2028 1186 2101 61,
1210 2032 1246 2089 de
1258 2033 1377 2092 Zenone

216 2119 283 2200 1,7
306 2129 341 2186 11.
365 2129 444 2187 Burl.
468 2123 567 2198 125;
595 2127 631 2184 11.
655 2135 805 2200 praeterea
832 2130 910 2201 apud
933 2131 1012 2188 Burl.
1042 2131 1119 2189 dicta
1146 2133 1298 2206 elegantia·
1312 2135 1377 2193 Pla·

216 2225 1071 2305 111116511111111611153,1111611111646161,
1107 2249 1144 2291 eu
1176 2251 1236 2307 dno
1268 2237 1375 2295 eodem

216 2335 314 2394 hausit
345 2334 431 2393 etiam
459 2330 630 2391 Vincentius
654 2332 797 2390 Belloveso.
832 2333 882 2408 qui
917 2351 1007 2407 quum
1036 2322 1274 2408 plerumque'cx
1296 2338 1374 2410 ipsis

216 2446 367 2496 auctorum
402 2435 484 2496 libris
500 2458 502 2462 ’
519 2434 608 2492 llores
642 2437 862 2508 sententiasque
896 2437 1014 2509 proprio
1046 2437 1142 2496 studio
1170 2439 1296 2497 selectas
1323 2448 1375 2498 eu·v

214 2540 366 2614 empserit,
389 2538 536 2597 interdum
559 2543 656 2597 tamen
679 2537 785 2594 ceteris
799 2538 888 2615 ¹addit
910 2539 1072 2596 sententias
1096 2539 1327 2614 neglecioplane
1343 2551 1376 2600 ut

215 2644 294 2717 apud
315 2643 472 2700 Burls‘eum
495 2641 574 2699 uude
597 2640 737 2698 sumserit
759 2638 886 2695 auctoris
909 2639 1029 2696 nomine
1052 2654 1188 2698 seorsum
1210 2643 1322 2714 positas
1338 2659 1373 2703 ex

215 2745 264 2804 tali
287 2744 405 2819 quidem
428 2746 508 2803 iente
530 2743 636 2817 petitas
658 2741 709 2798 ubi
732 2740 894 2799 sententiae
923 2741 1027 2799 breves
1049 2741 1115 2800 sine
1136 2742 1314 2816 scriptorum
1337 2762 1373 2804 ex

214 2847 324 2920 quibus
350 2855 504 2920 excerptae
527 2847 642 2903 fuerant
668 2842 837 2900 nominibus
864 2844 1003 2902 collectae
1030 2842 1312 2919 exbibc1·entur(ci.
1337 2850 1373 2907 de

215 2949 334 3006 Socrate
358 2948 443 3019 spec.
468 2941 639 3015 11111358
666 2943 781 3014 „lluius
809 2960 927 3018 quoque
956 2947 1120 3005 sententiae
1143 2947 1305 3008 laudabiles
1329 2950 1374 3008 in-

214 3049 372 3111 veniuntur
393 3047 492 3103 tales''.
527 3044 556 3116 3,
573 3043 614 3104 79
649 3045 798 3115 „Platonis
826 3062 944 3120 quoque
974 3047 1050 3106 dicte
1073 3057 1143 3108 suut
1164 3051 1259 3109 haed‘.
1284 3049 1314 3123 3,
1330 3051 1373 3137 82

213 3151 251 3207 de
273 3148 429 3206 Aristotele
463 3147 577 3218 „llnius
606 3162 725 3220 quoque
752 3149 914 3207 sententiae
942 3158 1011 3209 sunt
1033 3153 1130 3210 istae”.
1155 3151 1221 3222 5,2
1254 3154 1371 3223 „Huius

214 3250 405 3326 Theophrasti
419 3249 526 3308 dicitur
536 3265 603 3308 esse
612 3250 664 3308 illa
677 3250 837 3308 sententia”
847 3252 932 3322 etc.):
958 3269 1024 3310 nam
1039 3254 1116 3310 bunc
1128 3252 1247 3325 quidem
1260 3253 1372 3313 iontem

214 3357 302 3414 istum
327 3369 408 3412 esse
441 3361 593 3412 tractatum
632 3353 668 3409 dc
703 3353 788 3410 dietis
822 3353 1063 3426 philosophorum
1104 3355 1190 3412 docet
1224 3355 1370 3415 Walensis
1459 3437 1460 3442 ἵ

214 3456 435 3530 Compendiloq.
452 3453 481 3527 3,
499 3452 607 3525 1518
635 3456 687 3525 „ln
703 3461 832 3512 ‘tractatu
856 3455 934 3513 enim
958 3457 993 3513 de
1017 3455 1111 3514 dictis
1125 3457 1369 3531 pbilosophorum

212 3560 320 3634 legitur
341 3575 410 3617 eum
436 3560 493 3629 (so.
519 3557 719 3629 Aristotelem)
755 3556 866 3614 dixisse
895 3558 974 3629 quod
1002 3555 1031 3614 id
1059 3558 1155 3615 solum
1183 3560 1270 3618 habet
1297 3577 1369 3633 pau·

211 3669 309 3735 pertas
330 3658 508 3719 incommodi
532 3659 611 3731 qarod
634 3659 708 3716 alios
729 3655 829 3716 intrare
853 3674 911 3717 non
927 3642 1043 3732 potesr'
1058 3680 1092 3708 =
1110 3659 1239 3719 Vincent.
1256 3661 1367 3720 Bellov.
1388 3683 1390 3685 ·

212 3765 261 3837 Sp,
286 3763 353 3821 bist.
373 3759 403 3832 3,
423 3759 466 3821 82
499 3761 641 3832 „liiccbst
675 3759 761 3818 etiam
795 3761 967 3819 Aristoteles
1000 3768 1033 3818 ut
1065 3762 1172 3835 legitur
1205 3763 1300 3820 solum
1334 3779 1367 3820 se

211 3865 430 3924 incommedum
462 3862 642 3936 paupertatis
674 3861 733 3934 pati
767 3862 847 3934 quod
880 3877 939 3920 nou
973 3871 1076 3935 posset
1108 3861 1262 3933 egentibus
1296 3863 1367 3922 sub-

210 3969 339 4039 venire’';
363 3967 398 4024 ci.
423 3965 509 4024 etiam
520 3965 649 4023 Walens.
667 3963 767 4034 Comp.
783 3960 910 4036 11113
926 3964 976 4022 ubi
992 3980 1048 4022 una
1061 3962 1364 4023 Vincentius'citatur:

210 4074 253 4145 „E
277 4070 362 4130 dictis
395 4067 573 4128 notabilibus
608 4067 672 4145 eius
695 4072 724 4123 et
746 4064 908 4139 proverbiis
940 4065 1078 4123 recitatur
1111 4063 1141 4122 in
1173 4071 1295 4123 tractatu
1330 4068 1366 4124 de

210 4175 332 4248 speculo
355 4202 507 4214 --·-
530 4171 602 4227 haeo
626 4170 743 4226 luerunt
766 4166 842 4224 dicta
864 4167 992 4225 Socratis
1008 4167 1177 4240 proutdieit
1192 4165 1365 4240 compilator
1455 4197 1456 4200 κ

208 4276 288 4334 illius
310 4282 456 4334 mactatus.
501 4271 537 4330 Et
559 4272 595 4327 de
618 4270 921 4342 quibusdamhorum
940 4268 973 4326 in
994 4277 1118 4330 tractatu
1140 4272 1176 4329 de
1200 4268 1284 4326 dictis
1300 4268 1363 4341 pbi-

209 4379 414 4450 losophorum,
442 4373 492 4432 ubi
522 4379 550 4429 et
577 4370 634 4428 alia
660 4370 832 4429 recitantur’
855 4377 907 4427 etc.
933 4372 970 4443 ·(i.
988 4370 1075 4431 12011
1091 4369 1241 4442 -1211,
1266 4371 1362 4428 vmullo
