3196 5232
695 453 757 519 195

148 625 262 699 etipsa
283 634 411 700 aeterna,
434 627 474 685 ita
497 634 580 686 utet
602 626 744 686 librorum
772 628 808 685 de
837 630 919 688 coelo
948 619 1166 703 quodammodo
1189 613 1305 686 initium
1403 662 1406 668 ·

145 821 236 904 τείας
258 827 345 906 Phys.
362 829 393 904 8,
409 829 438 892 3.“
454 829 528 903 253,
545 827 602 905 31)
635 849 732 906 neque
759 833 823 906 ipse
849 833 909 890 ulto
943 835 1031 891 modo
1055 835 1119 892 loco
1142 832 1306 892 movendus

146 945 243 1009 neque
266 935 323 994 alio
346 951 379 992 ao
402 935 476 993 libro
499 936 536 1007 de
560 935 642 992 coelo
665 934 760 1007 primo
784 936 1011 994 continuandus.
1045 934 1185 993 Eiusdem
1208 933 1306 1026 operis

147 1045 251 1111 partes
269 1053 336 1096 esse
359 1037 408 1110 qui
432 1043 599 1111 sequuntur
618 1035 709 1096 libros
725 1037 796 1124 ipse
819 1037 991 1097 Aristoteles
1009 1039 1127 1112 saepius
1140 1054 1175 1096 eo
1189 1049 1307 1110 quoquc
1407 1071 1409 1075 -

149 1139 324 1213 significavit
352 1143 432 1213 quod
459 1141 636 1200 universalia
662 1139 710 1198 illa
738 1141 774 1198 de
802 1141 944 1216 physicis·
961 1142 1030 1200 citat
1056 1150 1205 1214 tamquam
1230 1131 1316 1210 τούς

147 1231 302 1325 πρώτους
324 1233 456 1324 λόγους,
485 1237 562 1317 τούς
585 1233 619 1304 ἐν
640 1231 722 1324 ἀρχῇ
746 1232 864 1324 λόγους
888 1245 939 1317 (de
963 1245 1052 1303 Coelo
1069 1243 1097 1317 1,
1114 1240 1143 1302 3.
1165 1240 1238 1314 270,
1255 1229 1306 1300 tt.
1391 1237 1393 1241 ’

148 1345 178 1418 4,
195 1341 224 1404 3.
242 1342 314 1417 311,
330 1341 381 1404 11.
397 1341 442 1403 'de
466 1361 531 1420 gen.
556 1353 585 1404 et
608 1359 682 1404 carr.
698 1344 728 1418 2,
746 1344 796 1406 10.
813 1342 886 1418 337,
906 1343 956 1406 25.
986 1349 1022 1406 ad
1038 1337 1136 1404 ‘libros
1160 1346 1196 1406 de
1219 1345 1314 1420 gene-¹

147 1441 260 1507 ratione
283 1455 312 1506 et
334 1460 409 1507 oorr.
423 1455 589 1534 secuturos
607 1447 709 1506 ‘reiicit
731 1448 818 1523 Pb'ys.
841 1449 871 1521 4,
889 1446 916 1509 5.
942 1442 1014 1522 213,
1031 1449 1076 1522 4),
1100 1448 1188 1507 simul
1210 1440 1309 1507 tamen

148 1557 260 1623 partem
283 1539 448 1624 separatam
470 1566 538 1610 csse
562 1551 664 1616 eadem
687 1550 811 1625 Physica
834 1551 967 1612 indicans
992 1551 1107 1612 solenni
1124 1551 1310 1609 illatormula

55 1649 58 1655 ’
149 1642 277 1735 εἴρομαι
300 1645 334 1714 οὐ
357 1639 475 1726 ἄλλοις
498 1650 521 1712 εἰ
547 1643 582 1714 ἐν
605 1641 731 1732 ἑτέροις
754 1655 806 1726 (de
829 1661 894 1728 gea.
920 1663 948 1714 ct
971 1672 1043 1722 corr.
1061 1653 1090 1726 2,
1104 1631 1154 1713 tc.
1171 1649 1244 1732 337,
1257 1647 1308 1712 18.

149 1749 225 1827 2,1.
245 1750 318 1828 329,
335 1753 429 1828 221,
447 1753 580 1815 aaran
597 1752 647 1816 17.
665 1751 752 1815 atta
770 1752 825 1828 13)
850 1772 907 1830 qua
930 1772 989 1816 non
1011 1757 1084 1815 alios
1106 1759 1201 1816 solum
1217 1757 1309 1815 libros

150 1847 239 1915 citare
274 1858 349 1917 solet
383 1859 437 1918 sed
471 1859 604 1917 eiusdem
638 1859 725 1918 etiam
759 1839 832 1916 libri
857 1867 956 1932 partes
990 1842 1061 1918 alias
1089 1866 1117 1917 ct
1145 1843 1316 1916 distinctas(

150 1959 260 2020 Deinde
284 1966 316 2018 ut
338 1960 463 2036 Physica
485 1970 643 2035 motusque
666 1961 779 2033 primus
803 1970 830 2019 et
853 1971 991 2020 aeternus
1014 1968 1043 2019 et
1066 1945 1215 2020 circularis
1232 1960 1311 2019 exci-

149 2062 270 2136 piuntur
297 2063 494 2137 descriptione
527 2064 614 2138 primi
638 2064 769 2138 corporis
794 2065 927 2137 coelique
951 2073 979 2123 et
1006 2065 1135 2122 siderum
1160 2072 1188 2123 et
1215 2064 1310 2138 ipsius

150 2165 277 2239 denique
299 2174 406 2236 terrae,
434 2165 474 2224 ita
501 2167 567 2224 libri
591 2169 627 2228 de
650 2166 803 2226 clementis
827 2166 879 2238 (dc
903 2167 986 2225 coelo
1002 2167 1046 2224 lll.
1063 2168 1108 2225 lV.
1133 2164 1168 2225 dc
1192 2182 1258 2240 gen.
1282 2173 1312 2223 et

150 2283 224 2326 corr.
237 2268 257 2324 Ι.
274 2267 312 2340 ll)
347 2275 380 2326 et.
394 2257 610 2330 'elementorum
640 2277 722 2328 nrotu
744 2267 824 2327 vario
849 2269 1054 2348 contrarioque
1079 2270 1141 2343 ¹(de
1164 2269 1246 2326 coelo
1259 2265 1310 2339 IV)

150 2369 246 2444 deque
270 2371 458 2454 generatione
481 2380 509 2431 et
532 2365 720 2445 corruptione
736 2371 944 2444 Meteorologia
961 2353 1310 2444 explicantnr'aesoriptis

149 2453 307 2546 corporum
331 2471 535 2532 sublunarium
558 2475 710 2534 effectibus
733 2479 762 2531 et
784 2471 996 2532 mutationibus
1020 2474 1058 2532 ita
1082 2473 1201 2548 quidem
1219 2478 1251 2529 ut
1274 2472 1314 2550 ab

152 2576 187 2633 οο
208 2591 297 2648 quern
323 2584 407 2634 vocat
439 2569 498 2639 τὸν
525 2570 617 2660 trapi
635 2570 694 2659 τὴν
727 2573 786 2658 γῆν
813 2565 938 2654 κόσμου
972 2577 1007 2634 ad
1034 2592 1082 2634 res
1105 2583 1260 2634 terrestres
1285 2583 1314 2634 et

98 2685 102 2692 '
152 2684 256 2736 natura
273 2679 465 2762 compositas
499 2681 673 2754 plantasque
698 2688 726 2739 et
749 2681 884 2739 animalia
906 2681 1039 2752 (Meteon.
1058 2677 1108 2752 lV)
1137 2687 1239 2738 auctor
1262 2679 1316 2736 de-'

152 2781 282 2840 scendat.
327 2781 439 2842 llorum
462 2761 593 2841 omnium
615 2767 757 2842 librorum
780 2771 1070 2842 locus‘certissimus
1094 2788 1139 2839 est
1161 2782 1219 2840 nisi
1233 2782 1313 2854 quod

153 2885 189 2975 de
216 2900 276 2942 uno
305 2883 363 2942 iam
390 2883 551 2957 antiquitus
575 2885 744 2962 ¹dubitatum
771 2887 825 2944 tuit
851 2890 954 2958 quana
983 2885 1019 2942 de
1046 2884 1143 2957 coelo,
1161 2885 1162 2888 ’
1179 2883 1312 2958 quamvis
1348 2959 1351 2965 Ι

154 3001 214 3044 non
243 2986 337 3060 magis
368 2994 450 3045 recte
484 3003 572 3060 quam
604 2987 640 3046 de
669 2989 865 3046 Meteororum
900 2991 1012 3060 quarto.
1057 2987 1130 3046 Nam
1153 3005 1244 3062 quum
1267 3003 1314 3046 ar·
1423 3022 1430 3028 -

155 3095 326 3164 gumentum
347 3089 420 3148 ‘eius
448 3089 515 3148 libri
538 3092 716 3149 secundum*
732 3091 825 3165 ipsius
852 3091 941 3149 verba
967 3095 995 3146 et
1017 3089 1111 3164 prima
1133 3099 1161 3149 et
1184 3091 1313 3150 extrema

155 3198 236 3249 esset
268 3183 349 3275 περὶ·
379 3186 500 3276 βαρέος
537 3187 593 3254 καὶ
630 3183 758 3280 κούφου
797 3172 1040 3252 curamentatores
1073 3193 1178 3252 offensi
1212 3200 1313 3268 utpote

156 3293 280 3353 nimium
309 3303 450 3369 urgentes
482 3297 608 3368 partium
640 3293 742 3356 titulos
771 3297 806 3355 ab
835 3293 1039 3354 Alexandrinis
1067 3295 1181 3368 positos
1210 3296 1315 3354 inseri·
1361 3304 1363 3308 ’

156 3381 287 3467 ptionem
310 3391 398 3456 huius
421 3397 487 3456 libri
511 3379 589 3458 varie
612 3401 707 3460 conati
732 3407 800 3458 sunt
824 3386 967 3472 caplicarc
982 3398 1053 3473 (cl-
1067 3398 1167 3472 Simpl.
1182 3397 1313 3455 dccoelo

156 3496 217 3555 init.
239 3497 306 3556 Scir.
330 3499 378 3558 Br.
402 3519 431 3574 p.
444 3499 509 3561 468
521 3504 596 3575 sq),
631 3509 758 3585 sum'tam
793 3503 872 3561 illam
899 3501 1001 3576 primis
1029 3500 1146 3558 duobus
1173 3498 1255 3557 libris
1279 3514 1315 3558 ex
1354 3565 1357 3570 ,

157 3599 250 3672 ipsius
273 3599 438 3660 Aristotelis
460 3603 559 3661 verbis
584 3605 636 3677 (de
660 3585 742 3664 coelo
755 3603 788 3679 3,
799 3603 829 3664 1..
853 3602 924 3677 298,
939 3604 979 3662 24
992 3605 1027 3662 cl.
1041 3599 1090 3665 30.
1116 3601 1150 3659 cf.
1165 3599 1195 3675 1,
1209 3600 1312 3664 toan.

157 3707 186 3758 et
208 3701 326 3761 Meteon.
345 3701 373 3777 1,
393 3701 436 3777 1,).
488 3705 564 3763 Sanc
598 3721 658 3765 non
693 3715 762 3767 sunt
794 3710 829 3766 dc
857 3708 939 3778 coelo
968 3706 1033 3766 libri
1061 3693 1089 3787 γ’
1112 3713 1140 3762 et
1163 3693 1201 3777 δ’,
1236 3710 1316 3763 recte

158 3811 254 3862 tamen
286 3815 451 3880 sequuntur
482 3805 595 3879 primos
623 3809 698 3868 duos
733 3817 820 3883 atque
849 3799 998 3873 communi
1027 3807 1125 3881 operis
1153 3808 1189 3866 de
1212 3813 1317 3882 corpo·
1401 3815 1405 3820 ’

158 3906 240 3986 ribus
264 3909 447 3982 simplicibus
470 3909 584 3984 agentis
608 3911 659 3982 (de
683 3907 807 3984 coelo3‚
821 3909 856 3984 1)
880 3895 1133 3988 physicorunrque
1155 3912 1245 3985 partis
1270 3927 1317 3970 se-

159 4007 273 4070 cundae
297 4012 495 4086 disputatione
519 4011 564 4085 (1,
584 4010 680 4086 1sqq.
705 4010 899 4087 cl.1,8f1n.)
923 4014 1157 4072 introducuntur.
1202 4013 1317 4072 Etenim

159 4113 195 4171 dc
218 4115 376 4181 elementis,
404 4124 579 4174 tractaturus
603 4121 703 4173 strator
723 4117 852 4190 primum
875 4117 995 4182 coelesti
1020 4109 1068 4175 illo
1091 4124 1237 4176 astrorum
1260 4118 1319 4176 ele-

160 4223 301 4276 mento'a
329 4217 434 4277 ceteris
468 4233 564 4294 eoque
599 4217 724 4276 maxime
759 4218 927 4277 discrimine
961 4220 1035 4278 facto
1069 4223 1149 4293 qnod
1176 4238 1269 4281 unum
1291 4229 1320 4280 et
1420 4299 1423 4306 Ι

160 4319 314 4392 aequabile
341 4321 472 4394 pondere
499 4328 578 4379 caret
605 4337 620 4378 a
644 4321 739 4394 gravis
767 4328 796 4379 et
822 4321 895 4379 levis
923 4321 1036 4380 ratione
1065 4331 1093 4381 et
1116 4325 1320 4385 contrarietate

161 4429 310 4480 exemtum
341 4422 497 4496 tribusque
528 4419 594 4484 τῶν
625 4420 822 4500 σωματικῶν
852 4416 1023 4501 στοιχείων
1049 4426 1079 4483 in
1107 4428 1218 4485 mundo
1246 4427 1320 4487 locis

161 4512 317 4601 distinctis
341 4539 480 4600 supremo
502 4516 749 4602 primi·elementi
772 4526 808 4586 dc
821 4541 879 4602 quo
891 4527 987 4603 primo
1000 4529 1083 4586 coelo
1096 4529 1156 4601 ogit
1171 4525 1190 4587 l.
1205 4518 1236 4590 α’
1249 4537 1278 4588 et
1288 4519 1321 4610 β’
1424 4521 1426 4524 ’

1055 4626 1120 4690 13*
