2954 5048
652 353 817 422 ’204

207 532 314 593 iniuria
336 533 366 592 id
389 540 508 614 propter
529 533 677 592 raritatem
700 523 908 604 ingentemque
936 529 1072 587 inaximo
1089 521 1266 589 observandi
1291 528 1370 589 nitu:

207 638 343 696 cultatem
367 635 544 710 negaverint.
571 633 644 692 llicit
656 637 752 692 autern
770 623 855 717 dude
867 625 908 693 τὰ
922 622 1126 715 πεντήκοντα
1143 633 1213 707 quia
1225 633 1305 691 alind
1322 628 1380 691 est

206 727 387 798 ntae'almd
416 737 575 795 memoriae
602 736 731 808 initium,
759 737 799 794 ita
822 744 856 795 ut
876 752 913 794 ex
935 739 991 795 hoc
1013 737 1078 794 loco
1106 736 1131 794 si
1154 734 1369 809 Apollodorum

207 841 341 915 sequaris
375 854 435 896 non
468 834 835 912 1101101.111,31111
868 838 977 910 scripta
1003 838 1100 897 vinisse
1128 837 1188 910 (ita
1204 837 1370 896 Schneider

206 944 295 1019 praef.
320 942 356 1000 ad
379 941 447 999 hist.
464 940 939 1015 11111142)11111111113111
961 939 1103 998 efficiatur
1126 939 1239 997 sedvel
1256 938 1370 1012 aliquot

206 1047 291 1105 annis
313 1051 383 1118 post
404 1044 423 1101 i.
447 1059 472 1101 e.
497 1043 532 1101 ab
557 1051 675 1102 auctore
697 1054 791 1102 annos
825 1051 893 1102 nato
916 1043 1127 1118 quinquaginta
1157 1057 1209 1101 sex
1230 1042 1276 1098 vel
1300 1049 1369 1100 octo

147 1172 150 1173 ⁷
206 1149 299 1221 (circa
312 1146 359 1204 01.
376 1142 449 1215 113,
466 1143 511 1216 1).
538 1138 615 1204 'Nec
638 1148 735 1204 obstat
757 1145 930 1219 illud’qnod
952 1160 1050 1203 rerum
1066 1145 1222 1203 Alexandri
1239 1143 1370 1216 novique
1444 1175 1445 1178 =

207 1249 287 1310 orbis
321 1249 432 1306 incerta
465 1256 535 1305 tunc
569 1254 682 1305 mutum
714 1249 790 1306 launa
823 1253 937 1306 veteres
966 1247 1062 1307 sontes
1091 1253 1210 1306 secutus
1238 1253 1266 1304 et
1293 1259 1370 1320 quas

206 1353 271 1427 ipse
294 1351 362 1410 citat
384 1352 498 1410 tabulas
522 1350 731 1426 geographicas
754 1347 995 1424 (35114111)
1017 1357 1116 1408 vetera
1138 1349 1225 1407 etiarn
1247 1346 1370 1408 uomina

206 1455 364 1514 fluviorum
392 1453 596 1527 montiumque
619 1453 704 1511 Asiae
733 1452 931 1513 maximorum
954 1453 1087 1527 posuerit
1110 1449 1369 1525 (1111111113)

206 1558 343 1617 Bactrum
372 1556 536 1631 Choaspem
560 1557 683 1614 Araxem
712 1571 748 1612 ex
770 1554 899 1613 Parnaso
937 1562 1036 1613 monte
1071 1570 1137 1612 cum
1160 1555 1231 1612 indo
1253 1553 1369 1625 editos‚'

207 1667 283 1735 qnos
306 1659 461 1718 Alexandri
485 1660 593 1717 milites
617 1664 754 1716 vocarent
778 1650 873 1716 [l‘xum
890 1654 1367 1732 0110111111(11.81111)ο3,268.

206 1763 285 1822 Gurt.
302 1759 332 1833 8,
349 1759 401 1821 to.-
424 1761 546 1819 Arriano
563 1760 706 1830 tineosi,
723 1756 773 1832 23,
791 1759 884 1833 2111
908 1761 962 1819 etsi
986 1776 1094 1834 parvus
1106 1766 1203 1817 tamen
1220 1766 1252 1817 nt
1263 1752 1369 1838 Phasis

207 1865 314 1924 deinde
348 1864 453 1922 citatus
486 1868 606 1936 propter
638 1868 834 1920 mercatorum
866 1861 970 1931 itinera
999 1861 1117 1920 Graecis
1151 1861 1368 1934 memorabilis)

206 1969 351 2025 iaxartem
373 1973 563 2038 montemque
582 1956 792 2037 Paropanisum
815 1965 860 2022 vel
877 1964 1047 2023 'Caucasum
1063 1964 1115 2037 (cl.
1131 1963 1256 2022 similem
1268 1965 1368 2023 locum

206 2068 319 2127 Arriani
336 2064 365 2140 5,
383 2065 410 2127 5.
430 2068 514 2127 Cart.
532 2064 561 2140 7,
577 2064 622 2141 3).
669 2067 808 2125 Diversus
822 2067 909 2125 enim
938 2073 983 2125 est
1006 2067 1171 2126 Aristotelis
1193 2066 1306 2125 Araxes
1330 2067 1368 2125 ab

207 2172 303 2231 Araxe
327 2172 469 2231 Herodoti
503 2172 553 2245 qui
587 2178 690 2246 postea
723 2170 804 2228 (lxns
821 2170 995 2243 appellatur
1023 2185 1170 2243 quemque
1199 2169 1368 2226 eundem'e

206 2276 362 2333 Persarum
389 2275 496 2333 fabrilis
524 2275 580 2332 alio
609 2270 729 2331 nomine
756 2269 1179 2345 1111111111111(3,117),
1204 2269 1289 2328 Asiae
1312 2270 1369 2328 ilu-

206 2379 320 2436 1111111
343 2377 368 2434 si
391 2376 489 2434 ludica
512 2376 663 2448 exceperis
687 2376 833 2434 maximus
857 2376 904 2433 ille
927 2383 960 2433 ut
982 2375 1022 2433 ait
1036 2374 1223 2432 Aristobulns
1238 2372 1367 2446 (Arriau.

207 2477 236 2550 3,
253 2477 303 2538 20.
321 2476 351 2548 7,
368 2475 417 2536 16.
443 2474 687 2549 81111112,427)
710 2484 738 2536 et
761 2478 1011 2537 celebratissimus
1035 2479 1070 2536 de
1094 2493 1152 2551 qno
1177 2477 1281 2535 mirum
1298 2493 1368 2549 pro-

207 2581 283 2638 lecto
307 2587 387 2638 esset
409 2579 434 2637 si
457 2578 530 2637 nihil
552 2578 719 2639 Herodotus
741 2581 914 2652 audivisset,
938 2581 1100 2640 audivisset
1121 2595 1191 2638 vero
1205 2579 1368 2638 delaxarte

207 2698 296 2756 quem
318 2681 365 2740 vix
394 2681 514 2755 attigere
537 2681 656 2739 Persae.¹
696 2683 778 2742 ‘Licet
801 2685 905 2743 Strabo
929 2698 1047 2758 quoque
1067 2683 1213 2740 iaxartem
1234 2680 1369 2739 videatur

206 2786 402 2858 intellexisse3
421 2774 485 2860 'qni
509 2792 540 2842 ut
562 2784 623 2841 fere
651 2785 726 2843 solet
748 2788 931 2846 diversorum
958 2793 1110 2842 anctorum
1137 2785 1368 2856 seculorumque

206 2886 389 2946 narrationes
413 2886 499 2944 simul
523 2896 677 2961 excerptos
707 2889 859 2959 exhihere,
889 2890 925 2947 de
948 2888 1120 2962 Massagetis
1144 2888 1221 2945 cirea
1242 2886 1367 2944 Araxem

206 2990 372 3048 colentibus
407 2997 434 3047 et
460 2996 581 3062 propter
602 2990 669 3064 Cyri
703 2991 812 3049 bellum
843 2992 980 3050 arauiris
1014 2991 1196 3071 auctoribus
1211 2987 1368 3047 celebratis

206 3092 306 3150 verba*
318 3091 382 3164 ipsa
404 3091 543 3149 Herodoti
565 3091 652 3149 tacite
675 3093 846 3159 exscribens
859 3096 978 3166 (Strabo
995 3093 1024 3163 2,
1041 3089 1190 3154 aaa-33
1206 3114 1239 3142 =
1257 3091 1368 3149 Herode

206 3192 236 3252 1.
253 3189 410 3252 ainata.
427 3191 503 3254 2021
539 3193 607 3252 inde
631 3194 723 3253 etiam
750 3197 808 3275 hoc
835 3197 900 3254 loeo
928 3197 1031 3256 Araxis
1065 3212 1173 3255 nomen
1203 3209 1261 3269 quo
1289 3209 1367 3251 111-

183 3310 295 3370 qnam
329 3305 479 3370 praeterea
512 3295 569 3354 nisi
603 3296 639 3354 de
668 3297 761 3355 Araxe
789 3298 916 3357 Armeno
941 3299 1045 3358 Strabo
1079 3300 1185 3371 utitur)
1220 3312 1295 3371 quae
1329 3298 1366 3354 de

204 3398 308 3457 Araxis
341 3398 389 3458 ille
424 3399 508 3457 ostiis
542 3399 710 3472 accolisque
743 3400 844 3458 auditu
878 3410 996 3476 accepta
1029 3402 1147 3460 tradidit
1174 3403 1210 3459 de
1237 3399 1365 3458 Armeno

207 3502 326 3561 Graccis
349 3501 457 3560 notiori
479 3502 685 3574 interpretatus
699 3504 749 3575 (el,
767 3510 864 3562 tanuen
881 3501 1015 3578 1204),
1039 3520 1095 3562 nec
1107 3502 1146 3560 'in
1157 3505 1212 3561 hac
1224 3518 1255 3559 re
1268 3503 1365 3560 solum

206 3605 312 3666 sedin
335 3605 370 3662 iis
394 3603 480 3661 etiam
504 3619 578 3676 quac
602 3606 637 3661 de
661 3605 832 3678 Scytharum
857 3609 957 3666 secrato
981 3608 1106 3681 septimo
1122 3606 1246 3664 Araxem
1269 3612 1367 3662 trans·

207 3723 376 3782 gressoram
401 3707 564 3781 irruptione
591 3705 934 3782 11111111(4,11.40),
963 3726 997 3769 ea
1023 3710 1052 3767 in
1081 3708 1239 3766 orientales
1267 3706 1365 3781 Caspii

142 3869 144 3873 ,
207 3811 296 3870 maris
320 3826 378 3882 quo
402 3817 434 3867 ut
456 3818 551 3869 cetera
575 3811 673 3869 carnia
696 3826 796 3868 revera
819 3812 966 3885 pertinent
988 3819 1068 3871 recte
1089 3810 1228 3868 transfert
1249 3810 1367 3883 alioque

207 3914 313 3972 deinde
340 3914 405 3970 loeo
428 3912 473 3985 (2,
489 3912 568 3986 464)
596 3913 627 3972 in
642 3913 795 3972 Herodoti
823 3931 966 3988 errorem,
995 3916 1043 3989 qni
1070 3908 1174 3987 postea
1196 3913 1281 3971 etiarn
1305 3929 1366 3970 nou

207 4014 413 4073 Callisthenem
438 4016 534 4074 solum
558 4017 769 4090 (81111111.)
799 4019 851 4075 scd
875 4019 1027 4076 Eudoxum
1052 4019 1136 4089 (nam
1159 4032 1234 4090 quae
1256 4016 1305 4072 ille
1329 4015 1366 4073 de

206 4116 295 4175 fluvio
331 4119 458 4189 quodam
487 4119 517 4175 in
546 4119 723 4193 Hyrcanium
757 4134 836 4178 marc
870 4126 1026 4178 catarracte
1060 4120 1156 4177 deluto
1184 4117 1364 4176 retulit-sec.

207 4217 436 4293 8111112428,
460 4220 496 4278 iis
510 4221 624 4279 similia
649 4223 684 4279 dc
709 4222 801 4280 Araxe
824 4222 951 4280 Armcno
975 4224 1061 4281 hahet
1077 4223 1150 4283 aleta
1165 4217 1194 4293 3,
1212 4217 1230 4281 5
1247 4221 1366 4278 eadem-

207 4339 265 4397 que
289 4326 324 4382 de
345 4323 407 4382 Oxo
419 4324 520 4399 Polyb.
538 4321 589 4394 10,
605 4319 656 4381 45.
673 4340 701 4396 p.
718 4322 781 4385 863
798 4327 940 4398 Gronov.)
963 4325 1079 4385 videtur
1093 4327 1235 4396 tenuisse,
1259 4323 1364 4381 merito

205 4425 339 4485 invectus
373 4435 427 4486 est.
477 4425 630 4487 Aristoteli
645 4432 757 4488 antem
774 4426 899 4488 Araxes
934 4427 998 4490 siue
1033 4428 1122 4488 dnbio
1156 4435 1202 4488 est
1227 4428 1364 4487 laxartes
