2992 5032
672 361 736 436 rins

128 532 183 590 sub
205 531 320 600 '‚‚drta''
349 532 399 591 illo·
427 533 683 594 Dschemaleddiui
717 548 752 589 ox
777 534 972 606 quo-bretam
997 536 1065 594 fecit
1088 535 1180 594 Casiri
1204 545 1283 595 recte
1383 529 1386 533 ’

127 631 213 690 dixu
230 632 345 705 ltocpcr
366 634 457 692 Lectt.
481 633 605 708 Abulph.
630 651 657 708 p.
674 633 716 691 24
732 635 820 710 unt),
856 636 902 692 hic
929 636 958 692 in
986 639 1164 710 praefatione
1187 649 1219 698 ut
1243 642 1283 696 vi-

127 734 212 791 detur
232 734 322 794 buius
345 735 410 792 libri
435 734 536 793 diceus
553 730 692 807 (llemetr.
709 737 727 792 l.
745 735 784 812 c.)
808 727 860 796 ὅτι
883 733 936 797 δεῖ
955 728 990 797 ἓν
1004 737 1048 820 τῷ
1064 729 1152 822 αὐτῷ
1166 730 1280 823 τρόπῳ

128 826 287 916 διάλογόν
308 855 344 895 τε
366 826 506 918 γράφειν
532 831 588 897 καὶ
610 831 801 909 ἐπιστολὰς·
826 825 913 898 εἶναι
938 832 999 920 γὰρ
1021 833 1080 920 τὴν
1102 833 1284 926 ἐπιστολὴν

128 925 200 998 οἷον
230 932 268 998 τὸ
301 931 412 1019 ἕτερον
437 932 539 1021 μέρος
570 937 629 999 τοῦ
657 930 832 1020 διαλόγου,
869 941 939 999 satis
967 941 1111 1015 significat
1145 945 1287 1015 epistolas

128 1040 346 1112 quoque'sicut
373 1041 504 1113 dialogos
522 1042 776 1115 ‘rhetore‘pctius
802 1048 926 1100 auctore
950 1043 1053 1116 dignas
1080 1043 1172 1102 fuisse
1194 1061 1288 1118 quam⁴

127 1141 303 1215 philosopho
337 1143 519 1215 scriptasque
543 1151 620 1201 certo
644 1144 768 1202 consilio
792 1159 886 1217 eoque
909 1145 988 1216 quod
1013 1144 1089 1203 docti
1111 1145 1166 1204 viri
1185 1152 1234 1207 'est
1256 1155 1285 1205 et

128 1243 291 1300 rhetoricis
315 1259 373 1316 quo
397 1245 504 1302 factum
527 1253 572 1303 est
591 1253 626 1302 -ut
647 1245 811 1303 Demetrius
829 1241 912 1316 πῶς
934 1241 988 1305 dat
1006 1237 1212 1309 ἐπιστέλλειν
1234 1268 1284 1309 ex·

127 1360 241 1416 ponens
265 1345 397 1418 exempla
421 1347 507 1404 ducat
529 1359 566 1403 ex
588 1345 753 1413 Aristotelis
776 1345 909 1420 epistolis
933 1363 1019 1420 quaem
1044 1349 1117 1406 adeo
1134 1353 1285 1411 contendit

127 1435 275 1522 μάλιστα
298 1440 543 1524 ἕπιτετευχὲναι
564 1445 625 1508 τοῦ
641 1438 760 1508 τύπου)
773 1441 988 1508 annotatione
1010 1444 1086 1525 (230
1098 1466 1125 1521 p.
1138 1448 1189 1510 98.
1206 1453 1284 1511 idem

128 1548 267 1606 iudicium
296 1557 466 1621 sequuntur
483 1548 613 1622 Simplic'.
636 1551 666 1608 in
690 1550 750 1608 Cat.
775 1549 841 1606 Sch.
856 1546 900 1607 ⁵27
916 1557 975 1607 not.
1004 1556 1033 1606 et
1054 1549 1175 1610 Photius
1198 1555 1284 1627 epist.

128 1648 191 1708 207
215 1651 251 1707 cf.
275 1650 397 1723 Menage
420 1650 542 1708 Observ.
567 1653 604 1708 ad
626 1651 658 1707 b.
674 1651 706 1708 L.
723 1667 751 1722 p.
766 1647 850 1726 198).
889 1650 966 1723 lpsa‘
978 1650 1064 1707 etiam
1080 1661 1196 1724 praeter
1211 1656 1288 1728 figu'

129 1767 228 1809 ranam
260 1767 347 1809 usum
376 1753 558 1824 frequentem
582 1751 642 1825 ⁷(cf.
665 1751 752 1808 Arist
776 1767 821 1824 ap.
846 1751 971 1808 Demetr.
990 1747 1051 1810 tal
1084 1770 1112 1826 p.
1137 1751 1177 1814 72
1193 1779 1228 1806 =
1244 1757 1289 1817 29²

131 1871 158 1927 p.
176 1851 228 1930 18)
251 1854 356 1911 harum
379 1854 541 1911 litte-rarum
564 1853 696 1926 quiaesita
718 1854 862 1926 quaedam
884 1853 1012 1911 brevitas
1035 1854 1168 1912 rhetores
1191 1857 1289 1929 prodit

129 1964 263 2013 auctores
287 1954 424 2012 rhetorici
448 1954 525 2012 illius
542 1957 578 2012 de
594 1955 760 2012 necessaria
776 1955 967 2027 epistolarum
983 1955 1123 2012 brevitate
1138 1959 1286 2030 praecepti

130 2055 178 2129 (cf.
203 2056 329 2114 Demetr.
346 2051 409 2114 228
431 2072 459 2128 p.
477 2052 531 2130 98)
565 2056 643 2112 bene
671 2058 827 2112 meurures.
872 2055 973 2126 ltaque
998 2055 1025 2111 si
1053 2055 1237 2128 dialogorum
1259 2067 1288 2116 et

130 2156 320 2229 epistolarum
348 2172 456 2229 genera
483 2157 555 2213 baec
583 2156 745 2214 litterarum
772 2155 919 2212 rhetorica
952 2169 1046 2226 aeque
1073 2157 1178 2214 mento
1206 2160 1291 2215 dam«

130 2265 251 2327 uantur,
287 2256 507 2329 antiquissimas
536 2261 634 2312 tamen
656 2255 754 2312 fuisse
780 2252 869 2314 credo
897 2246 1119 2313 ut‘ceterorum
1146 2257 1287 2329 plurimas

130 2358 210 2416 velut
235 2358 364 2416 Platonis
391 2366 419 2415 et
445 2357 645 2431 Hippocratis
659 2363 688 2413 et
710 2355 837 2414 Cratetis¹
853 2355 1051 2428 etr-Diogenis
1075 2354 1134 2432 (cit.
1159 2358 1191 2416 u.
1208 2361 1240 2416 L.
1257 2357 1290 2431 ot

130 2457 191 2537 23),
208 2468 262 2518 etc.
287 2460 334 2518 'ita
362 2459 450 2517 etiam
482 2458 648 2516 Aristotelis
676 2458 829 2531 epistolas,¹
864 2465 896 2514 ut
923 2458 997 2514 adeo
1023 2458 1101 2516 'sicut
1123 2475 1159 2517 ex
1182 2461 1288 2520 Demo·

131 2563 243 2620 stheuis
276 2561 409 2634 epistol-is
428 2560 621 2633 discipulum
644 2559 734 2617 'hunc
751 2600 752 2603 ,
767 2560 859 2617 fui-sse
886 2559 1015 2618 Platonis
1043 2561 1191 2619 ferebatur
1212 2561 1285 2637 (Cic.

132 2663 209 2722 Orat.
226 2663 266 2720 4.’
279 2651 429 2738 Βνυῑζ31)
454 2677 499 2720 εκ
512 2663 558 2720 his
582 2662 726 2720 sumsisse
749 2660 1094 2733 credamdpullodorum
1113 2667 1289 2735 ceterosque

130 2765 343 2823 Alexandrinos
367 2766 446 2823 velut
467 2764 566 2836 ipsum
588 2763 810 2820 Eratosthenem
835 2762 885 2835 (cf.
907 2762 982 2818 Plut.
1006 2762 1086 2821 Alex.
1104 2761 1135 2839 2)
1159 2779 1235 2836 quae
1251 2764 1290 2822 de'

130 2867 188 2924 vita
210 2865 375 2922 Aristotelis
398 2865 544 2923 tradidere
567 2864 701 2938 plurima.
748 2862 832 2930 Quod
856 2863 892 2918 de
915 2862 1016 2935 viginti
1040 2862 1097 2920 illi-s
1121 2864 1206 2922 anuis
1222 2867 1294 2938 qui-

131 2968 187 3024 bus
210 2964 360 3023 Platonem
383 2963 525 3024 audiverit
548 2982 583 3023 ex
607 2964 807 3040 olympiodori
831 2971 944 3023 constat
965 2961 1134 3022 testimonio
1154 2966 1204 3038 qui
1217 2967 1289 3026 illud

133 3082 167 3127 ex
196 3067 329 3142 epistolis
357 3067 394 3124 ad
420 3067 586 3140 Philippum
612 3064 782 3140 Apollodori
816 3065 1015 3125 coniecturam
1047 3056 1289 3139 praeparantibus

133 3169 221 3228 refert
244 3167 283 3245 (p.
302 3168 370 3247 lai:
395 3184 469 3243 quae
492 3169 633 3242 epistolae
656 3177 689 3228 ut
710 3169 906 3244 posteriorum
930 3168 967 3225 de
988 3166 1153 3224 Aristotelis
1175 3177 1205 3227 et
1224 3170 1290 3228 hle-

132 3271 235 3330 xundri
259 3273 474 3329 consuetudine
502 3272 670 3344 opinionem
688 3271 787 3327 ¹'nimis
815 3270 950 3342 augendo
974 3269 1215 3340 corrumpebant,
1250 3271 1292 3328 ita

134 3374 216 3447 ipsae
242 3373 300 3430 iam
323 3373 476 3431 bominum
503 3373 540 3430 de
567 3374 621 3430 hac
649 3388 681 3429 re
710 3371 815 3429 fabulis
844 3369 999 3426 manifesto
1027 3368 1169 3425 nituntur.
1206 3361 1290 3437 ‘outa
1403 3413 1408 3422 a

134 3476 214 3548 quod
247 3474 295 3529 vix
323 3481 391 3530 nato
419 3474 584 3530 Alexandro
618 3470 677 3527 tilio
705 3473 742 3526 ad
769 3469 955 3526 Aristotelem
983 3466 1102 3538 scripsit
1128 3466 1290 3542 Philippus

135 3579 253 3648 sperare
283 3576 315 3629 se
343 3573 405 3629 fora
434 3578 466 3628 ut
493 3571 615 3628 summi*
633 3568 802 3642 philosophi
832 3583 902 3625 cura
929 3559 958 3624 et
979 3565 1161 3625 institutione
1184 3571 1291 3628 educa-

134 3670 227 3733 ratur!
274 3673 305 3729 ln
327 3672 432 3731 iisdem
462 3687 531 3729 veru
555 3671 687 3744 epistolis
714 3671 887 3744 legebantur
913 3684 948 3726 ea
971 3684 1046 3741 qliae
1069 3683 1171 3744 regum
1193 3672 1291 3732 favore

135 3785 164 3835 et
186 3771 414 3834 Atheniensibus
448 3769 497 3848 (ct
515 3773 547 3830 l).
564 3775 595 3831 t.
612 3770 696 3848 5‚2)·
726 3779 754 3828 et
781 3786 852 3828 suae
886 3770 1157 3844 discipulorumque
1190 3775 1292 3845 patriis

135 3877 314 3936 benefecerit
337 3872 525 3952 (vita'Nunn.
549 3892 577 3948 p.
595 3872 645 3933 13.
669 3875 705 3933 cf.
729 3869 988 3950 Aeliau.1·2‚³54).
1027 3873 1086 3930 Nec
1101 3871 1202 3931 dubito
1219 3877 1295 3947 quin·
1361 3859 1363 3864 ¹

136 3980 178 4038 ex*
195 3979 300 4036 iisdem
334 3973 454 4048 quoque
489 3977 526 4035 de
549 3976 702 4034 itineribus
726 3975 790 4033 eius
812 3971 976 4033 audiverint
998 3973 1027 4032 in
1049 3974 1240 4047 Theophrasti
1264 3972 1292 4033 et

136 4081 263 4138 Phasim
296 4085 403 4136 terram
430 4079 555 4136 natalem
582 4069 665 4136 lactis
693 4077 734 4135 ct
748 4076 788 4134 ad
806 4076 960 4134 Hermeam
987 4074 1116 4132 Platonis
1144 4078 1291 4148 quondam

137 4189 169 4238 ut
189 4197 223 4238 ex
246 4179 336 4237 huius
364 4177 497 4250 epistolis
524 4179 606 4238 falsis
634 4181 736 4237 notum
764 4182 809 4236 est
835 4193 902 4235 cum
926 4176 1045 4234 Corisco
1073 4176 1291 4234 inbristotclis
1355 4179 1357 4181 ’

137 4280 221 4339 libris
245 4295 310 4337 cum
334 4279 454 4336 Socrate
477 4294 529 4351 pro
542 4279 780 4353 frequentissimo
793 4279 869 4338 eutis
881 4277 1023 4336 individui
1035 4275 1169 4349 exemplo
1182 4277 1298 4334 memo&

137 4389 199 4439 rato
228 4377 370 4456 (ceterum
394 4380 508 4452 etipse
531 4388 561 4436 ut
584 4381 700 4437 videtur
722 4381 842 4454 dynasta
868 4380 920 4437 fuit
942 4379 1084 4464 llermeae
1107 4376 1231 4446 vicinus,
1255 4376 1290 4433 cf.
1378 4442 1404 4453 „

1052 4477 1095 4537 8*
