2992 5032
787 338 850 413 rm

211 515 340 585 *contra
367 525 460 610 ipsam
488 526 563 582 hanc
590 525 751 583 doctrinam
779 525 907 582 vertitur.
944 525 1088 583 'Ceterum
1118 539 1222 585 omues
1246 527 1313 585 iiiuc
1338 527 1404 584 rta-

126 614 128 616 ’
239 629 405 688 tunicorum
428 627 596 685 sententiae
612 626 688 685 inter
711 642 743 685 se
767 627 899 686 diversae
923 629 960 684 de
979 634 1102 699 00000ιο
1115 628 1179 687 iure
1192 629 1402 702 disputabitur,

169 712 170 716 ¹
241 732 298 789 iam
321 729 442 803 saepius*
462 737 646 802 oppugnatae
669 729 766 786 denuo
790 730 846 788 etsi
869 729 986 788 brevius
1008 736 1201 790 recensentur
1222 731 1403 804 nequando

174 872 176 875 -
239 833 329 891 verbo
352 832 436 906 prius
458 831 516 888 iam
539 829 575 888 de
598 829 635 888 iis
659 829 807 889 decretum
832 832 924 890 fuisso
947 831 1137 905 significatur,
1154 834 1203 891 'ita
1225 840 1258 890 ut
1281 843 1305 889 0.
1331 828 1352 890 3
1376 831 1402 889 si

241 951 307 993 curn
324 931 353 1006 6,
369 934 398 992 2.
416 932 467 1005 11,
484 931 512 991 t..
530 928 581 1005 12,
598 930 626 991 ο.
649 930 700 1004 12,
716 931 735 992 9
764 933 942 992 contuleris
958 935 1010 1006 (01.
1036 950 1110 992 max.
1128 932 1238 1012 tocco
1253 930 1400 1007 33435)

241 1037 312 1097 satis
334 1038 510 1111 persuadeat
531 1041 684 1094 auctorum
707 1035 918 1108 diversitatem
942 1052 996 1095 nec
1011 1036 1075 1094 ‘alio
1098 1035 1187 1092 modo
1202 1035 1234 1093 in
1249 1037 1307 1094 hoo
1322 1035 1400 1093 iibro

239 1156 327 1214 quarn
350 1137 379 1195 iu
402 1120 558 1211 superiori
581 1129 782 1195 numerorum
804 1132 949 1196 sententia
976 1139 1132 1208 renitatur,
1166 1151 1257 1209 quum
1287 1139 1316 1196 iu
1343 1139 1399 1197 hoo

238 1255 357 1315 quoque
390 1238 441 1312 qui
464 1252 535 1296 sane
558 1234 649 1298 cardo
659 1239 779 1298 ⁴roi'est
800 1230 955 1297 difficultas
979 1239 1027 1299 iliu
1050 1247 1086 1299 ex
1109 1239 1272 1313 composita
1292 1254 1398 1298 nume-

237 1359 338 1401 rorum
364 1339 634 1415 principiorumque
660 1336 886 1415 'natura'petita‘
913 1341 965 1413 (01.
990 1339 1211 1414 011100”12,“7),
1245 1343 1398 1414 quomodo

168 1459 169 1462 ’
238 1445 288 1518 qui
311 1444 368 1518 ipsi
392 1457 450 1500 sec.
474 1443 686 1516 vulgaremso.
711 1445 792 1502 vonis
816 1459 937 1502 sensum
961 1445 1021 1503 sint
1033 1437 1187 1518 compositi
1197 1432 1315 1517 possint
1327 1459 1397 1502 esse

237 1548 382 1605 elementa
405 1543 422 1603 i.
447 1561 480 1603 0.-
496 1545 645 1619 quomodo
673 1556 863 1604 numerorum
890 1547 1032 1605 clementa
1059 1547 1182 1619 possint
1201 1551 1281 1604 esse
1296 1552 1398 1604 rerum

200 1696 201 1701 ,
237 1664 326 1722 saepe
348 1649 605 1721 tangatur.”Taie
631 1663 701 1706 vero
730 1630 776 1705 est
791 1638 863 1705 vlibri
884 1637 918 1724 μ’
942 1636 1056 1707 initium
1084 1650 1136 1722 (01
1161 1645 1265 1721 1076,
1280 1646 1329 1708 to.
1354 1646 1397 1706 12

123 1746 126 1750 ’
205 1764 207 1768 ’
237 1747 370 1833 πρῶτον
388 1740 437 1810 ’τὰ
464 1742 556 1830 παρὰ
589 1748 654 1809 τῶν
682 1736 977 1836 ὅλλωνλλεγόμενο
999 1741 1189 1831 θεωρητέον
1220 1750 1396 1824 priusquam

146 1891 148 1894 ι
236 1859 375 1911 tractetur
397 1853 433 1909 de
449 1857 515 1909 0010
526 1851 742 1924 intelligibiiict
754 1852 871 1924 torma),
894 1859 1009 1910 utnon
1032 1854 1167 1926 praecedi
1192 1849 1395 1911 hunc‘iihrur'n

236 1962 266 2011 et
288 1955 413 2028 primum
443 1948 472 2009 in
499 1952 563 2026 ipsu
594 1961 656 2010 arte
689 1953 889 2028 metaphysica
920 1955 970 2025 (ut
992 1955 1078 2013 docet
1099 1955 1248 2029 prooem.)
1280 1951 1417 2011 auctori,

236 2056 378 2135 scriptum
400 2086 441 2094 -
464 2070 518 2112 nec
540 2055 708 2113 necessario
727 2052 890 2128 'disputatio
912 2054 978 2114 libri
995 2053 1025 2128 7,
1041 2055 1060 2114 2
1077 2064 1130 2114 010.
1154 2055 1282 2130 tangitur
1293 2055 1394 2128 potius

236 2156 323 2232 quarn
346 2156 460 2232 physici
482 2150 646 2231 argumenti
670 2154 721 2228 (ci.
735 2158 800 2216 Met.
816 2156 844 2229 6,
858 2157 893 2231 2)
916 2159 1058 2216 libroruin
1078 2158 1212 2216 omnium
1236 2171 1331 2230 usquc
1355 2158 1393 2214 nd

236 2263 253 2318 Ι.
278 2262 436 2334 degener.
470 2248 566 2317 onim*
594 2258 657 2331 ipsa
683 2249 807 2334 Physica
842 2277 916 2334 utrae
950 2268 1019 2332 sunt
1051 2263 1089 2319 ‘de
1115 2251 1266 2334 principiis
1294 2259 1393 2331 deque

231 2362 354 2420 'materia
377 2369 406 2419 et
428 2368 508 2418 motu
532 2360 718 2432 sequentium
735 2370 820 2419 —ct
841 2369 909 2435 post
929 2363 1054 2435 Physica
1078 2363 1241 2420 sccundurn
1257 2360 1393 2419 ordinem

234 2478 302 2519 mox
326 2463 403 2534 apud
425 2461 633 2545 Peripateticos
651 2468 713 2519 ‘usu
728 2463 922 2533 innitentem,
950 2463 1024 2520 iihro
1049 2465 1176 2535 quodam
1200 2459 1349 2521 historico
1363 2462 1390 2520 ei

234 2563 285 2637 qui
307 2578 386 2620 nunc
408 2555 521 2637 primus
544 2572 589 2623 ost
612 2563 699 2622 simili
723 2556 908 2621 manifestum
932 2562 1000 2635 sit;‘
1018 2569 1120 2621 contra
1135 2563 1212 2623 “libri
1233 2554 1390 2638 ¹sequentis

233 2661 316 2724 initio
339 2657 536 2740 (1.2‚9srn.),
558 2669 595 2724 ad
628 2656 734 2723 librum
767 2665 894 2739 primum
927 2663 971 2737 (1,
988 2663 1018 2724 94
1035 2663 1117 2737 1,6)
1152 2667 1199 2725 bis
1232 2667 1391 2740 respicitur

232 2768 357 2842 ipsoque
384 2768 467 2827 initio
494 2769 681 2827 continuatur
706 2781 803 2826 sermo
833 2756 1003 2846 (ἐχόμενόν
1026 2760 1115 2829 ἐστιν
1137 2770 1207 2841 010.)
1233 2767 1390 2826 0001001-

232 2870 323 2943 pitur3
357 2870 474 2942 utrique
507 2870 582 2928 libro
617 2858 818 2952 ἀπορήματα
850 2871 1075 2944 praemittuntur
1096 2872 1132 2929 01.
1150 2867 1389 2943 1.2,2.12,10;

231 2980 362 3031 ceterum
383 2970 480 3042 agitur
502 2972 538 3028 de
561 2971 636 3030 ideis
660 2979 804 3044 quatenus
834 2987 893 3030 sec.
917 2973 1083 3031 Platonicos
1107 2980 1174 3032 cuin
1196 2988 1388 3030 numerorum

139 3061 141 3063 ’
179 3073 181 3076 ’
230 3073 366 3130 doctrina
384 3070 602 3143 coniunguntur
625 3087 680 3129 nec
701 3073 737 3130 de
760 3073 853 3146 ipsius
876 3061 1005 3142 Platonis
1029 3073 1103 3131 ideis
1124 3073 1183 3129 'nisi
1205 3068 1332 3131 breviter
1358 3082 1389 3132 et

228 3164 314 3240 ὅσον,
333 3162 436 3251 votior)
456 3161 574 3253 χάριν,
598 3172 777 3248 quapropter
804 3181 832 3232 et
854 3173 948 3248 ipsius
976 3175 1106 3248 magistri
1129 3174 1256 3247 primum
1278 3174 1387 3232 librum

230 3293 289 3337 non
304 3261 454 3334 'dubitavit
476 3282 578 3334 auctor
600 3276 767 3334 exscribere
788 3276 850 3333 'hoo
874 3274 940 3349 ipso
964 3277 1038 3333 tacto
1061 3275 1184 3332 alienam
1208 3275 1273 3334 eius
1296 3275 1386 3348 origi-

229 3380 297 3439 nem
312 3372 485 3438 'cont'ossus
529 3379 689 3463 Praeterea
705 3374 743 3436 et
755 3378 947 3435 terminorum
970 3391 1112 3434 novorum
1128 3392 1202 3436 usus
1218 3366 1387 3458 (ἀριθμοὶ

205 3506 208 3509 “
229 3476 412 3564 σομβλητοὶ
427 3483 462 3541 01
473 3471 690 3562 ἀσύμβλητοι,
708 3471 884 3561 ε’ἰδητικοί)
908 3480 1039 3538 scholam
1051 3479 1144 3554 magis
1157 3496 1244 3553 qnam
1257 3480 1384 3555 primum
1408 3468 1410 3471 ¹

123 3568 125 3571 ⁸
229 3584 378 3640 auctorem
406 3585 490 3658 sapit.
534 3584 567 3640 ln
588 3589 670 3640 textu
705 3590 805 3640 nostro
837 3585 940 3641 lacuna
975 3585 1117 3656 quaedam
1152 3572 1297 3642 cncidisse
1324 3595 1384 3640 non

61 3671 62 3674 '
126 3740 128 3743 .
230 3674 443 3756 solum12‚7
476 3681 687 3759 01082036
722 3685 783 3755 (ed.
808 3686 918 3743 Bonita.
943 3703 970 3759 p.
988 3683 1065 3758 252)
1103 3687 1156 3744 sed
1186 3687 1272 3743 etiam
1296 3681 1396 3754 12,’8.
1472 3680 1480 3733 f

229 3770 1383 3863 summunmrmmmrmmoumnmssm‘mmo

226 3868 343 3963 praeter
365 3886 479 3943 initium
502 3885 569 3945 iibri
592 3894 660 3961 post
680 3876 715 3964 μ’
744 3887 896 3961 sequentis
920 3887 986 3961 (12,
1003 3886 1118 3948 11-10,
1149 3887 1226 3960 quod
1255 3882 1382 3945 fortasse
1449 3890 1451 3898 ’

219 3978 325 4067 vtamen
348 4003 408 4045 non
431 3987 568 4046 cohaeret
591 4006 657 4047 curn
679 3990 754 4047 libro
778 3979 804 4048 v'
828 3993 880 4049 sed
904 3991 978 4070 alius
1013 3988 1166 4046 cuiusdam
1188 3986 1254 4045 iibri
1278 3990 1382 4060 deper-

228 4092 279 4151 diti
303 4089 478 4166 prin'cipium
502 4096 555 4160 est,
579 4089 618 4148 ita
640 4081 975 4172 utverba13‚1rcepi
995 4086 1053 4171 τῆς
1069 4076 1192 4162 ὀὐσίας
1213 4078 1333 4170 ταύτης
1344 4092 1381 4148 ad

229 4197 318 4254 libros
342 4195 377 4252 de
394 4180 564 4251 'substantia
575 4180 667 4251 ε’-ί
692 4182 787 4266 adque
810 4195 1013 4268 quaestionem
1036 4193 1054 4249 l.
1068 4178 1101 4251 ι”
1115 4191 1151 4247 de
1168 4205 1227 4247 uno
1240 4191 1380 4275 contiuuo

227 4297 401 4371 pertineant,
425 4295 460 4354 ot
486 4301 582 4350 tanen
598 4286 663 4364 26
687 4276 899 4377 cinthium.)
922 4310 957 4352 ex
981 4293 1043 4365 ipsa
1067 4291 1153 4350 etiarn
1168 4294 1275 4351 horum
1291 4288 1381 4382 libro-

226 4413 292 4457 rum
315 4396 478 4471 argumenti
501 4394 614 4452 ratione
637 4403 666 4453 et
688 4384 879 4457 similitudine
901 4403 962 4454 non
985 4396 1020 4454 nh
1043 4395 1198 4456 Aristotele
1214 4393 1334 4454 aiterum
1346 4401 1380 4453 et
