3196 5232
723 427 783 487 am
800 407 803 416 ’

175 577 341 674 excerptam
375 601 454 660 enim
483 615 555 664 ,esso
585 607 616 658 ut
643 615 707 658 carri
734 600 880 672 intelligas
915 616 974 660 non
1003 595 1071 670 vero
1100 589 1220 661 alterius
1246 603 1329 678 q'uasi

175 703 396 762 tundamentum
431 702 539 760 sufficit
572 693 636 774 ipsa
668 701 754 760 lectio
788 707 816 758 et
844 703 1022 774 caniparatio
1049 735 1102 768 -,
1118 705 1177 762 veri
1204 705 1330 763 auctoris

175 819 284 863 nomen
312 819 347 862 ex
376 803 492 877 integro
525 803 683 876 exemplari
711 802 822 882 servari
849 802 996 875 potuisse,
1031 819 1066 861 co
1091 805 1173 868 lacile
1195 805 1331 866 reiutaris

175 907 255 979 quod
282 908 384 964 auctor
410 905 526 963 illorum
553 905 658 977 probat
681 907 724 979 (p.
741 903 799 976 22)
827 904 1002 962 senteutiam
1029 904 1078 978 qui
1106 913 1258 964 aeternum
1286 923 1332 964 se·

176 1009 307 1068 cundum
318 1006 449 1065 Platonis
461 1004 589 1065 mentem
603 1007 746 1064 muudum
759 1022 827 1065 esse
840 1013 1020 1064 assererent:
1038 1013 1167 1072 ceterum
1179 1015 1208 1065 et
1220 997 1334 1066 doctior

177 1111 243 1168 lere·
263 1108 311 1167 hic
337 1114 512 1168 auctorest
533 1109 694 1182 pluresque
727 1107 795 1166 citat
816 1111 936 1167 'veteres
964 1107 1122 1181 scriptores
1156 1108 1240 1180 (licet
1261 1123 1334 1165 sane
1370 1093 1373 1099 ’

101 1197 104 1202 “
176 1210 251 1285 ipsis
263 1223 409 1270 nonusus
422 1209 474 1281 sit)
498 1225 586 1283 quam
608 1225 661 1284 pro
684 1209 851 1283 Philopono'
870 1209 1003 1282 qualisvis
1018 1210 1169 1284 philoponi
1185 1209 1334 1269 doctrinae

92 1294 96 1301 ’
177 1311 307 1370 modulo.
354 1311 419 1370 lam
447 1327 537 1383 quum
566 1313 602 1370 de
628 1311 783 1370 Ammonio
810 1311 969 1385 antiquiori
994 1311 1043 1370 vix
1070 1311 1256 1386 cogitandum
1286 1311 1332 1381 sit,

177 1415 224 1472 vel
247 1402 276 1471 si
295 1411 439 1471 incertum
473 1413 512 1472 sit
533 1419 738 1487 argumentum
765 1429 800 1472 ex
824 1413 899 1472 ritae
932 1412 1027 1487 ipsius
1055 1413 1185 1472 clausula
1211 1415 1340 1487 petitum'

179 1515 229 1574 uiri
246 1516 289 1588 (p.
303 1513 360 1587 26)
382 1521 450 1590 post
471 1515 606 1574 lacunam
630 1531 718 1589 quarn
741 1515 850 1574 notavit
863 1515 1042 1574 'Nunnesius
1057 1531 1085 1590 p.
1098 1513 1161 1574 162
1174 1531 1217 1589 sq.
1231 1515 1335 1574 citatur

177 1616 348 1690 Simplicius
370 1617 435 1676 cius
459 1597 623 1690 discipulus
646 1647 687 1658 -
709 1616 772 1675 iteri
800 1617 877 1675 enirn
904 1616 999 1690 potuit
1024 1625 1056 1676 ut
1079 1624 1177 1676 notam
1201 1617 1277 1675 hanc
1298 1632 1334 1674 ex

179 1719 246 1792 ipso
272 1718 415 1792 Simplicii
443 1721 480 1776 ad
507 1719 525 1776 l.
549 1720 586 1777 de
612 1719 695 1777 coelo
719 1717 928 1776 commentario
962 1725 1089 1778 sumtam
1115 1707 1207 1778 lector
1229 1718 1335 1793 aliquis

109 1803 112 1810 ¹
179 1820 360 1878 adscriberet
382 1821 423 1878 ad
449 1820 524 1878 vitae
551 1827 700 1878 auctorem
729 1835 788 1878 non
812 1820 1020 1893 pertinentem,
1048 1821 1221 1895 pracsertim
1245 1819 1336 1896 quum

179 1928 210 1981 et
231 1939 249 1980 a
271 1922 400 1980 Wulensi
420 1921 588 1996 negligatur
609 1922 659 1996 qui
682 1922 721 1981 ita
743 1921 820 1980 linit:
849 1921 1023 1996 „Proprium
1046 1930 1143 1982 autem
1164 1923 1221 1981 'luit
1242 1923 1338 2006 philo-

181 2024 304 2097 sophiae
331 2023 497 2085 Aristotelis
527 2039 588 2081 non
621 2024 774 2084 discedere
800 2039 817 2081 a
839 2024 1013 2100 manifestis.
1045 2025 1128 2106 ¹Post
1155 2025 1338 2084 demonstra-

180 2125 278 2187 tiones
305 2125 371 2184 cius
403 2132 483 2182 essct
508 2125 668 2192 multorum
693 2123 861 2183 testimonia
888 2117 986 2204 icrre’f¹
1013 2134 1041 2184 et
1073 2126 1142 2183 huic
1175 2117 1340 2184 consentiat
1375 2165 1378 2169 -

180 2227 274 2285 codex
297 2225 482 2286 Florentinus
498 2226 583 2299 (des.
607 2232 657 2296 ,net
679 2225 838 2282 multorum
861 2224 1029 2284 testimonia
1051 2207 1243 2299 ferre”)*'-
1260 2243 1339 2284 unus
1408 2293 1411 2300 ¹

180 2329 242 2388 lere
275 2327 450 2402 relinquitur
472 2326 713 2402 olympiodorus,
742 2341 830 2399 quern
864 2325 1048 2398 magistrum·
1064 2325 1094 2386 in
1117 2325 1338 2401 Prolego'mcnis

131 2425 134 2431 ’
182 2431 270 2490 etiarn
296 2429 385 2488 David
420 2428 470 2502 qui
504 2430 579 2490 hanc
611 2427 705 2501 ipsam
738 2427 825 2486 vitam
860 2427 1015 2500 exscripsit
1047 2443 1119 2486 suae
1146 2429 1339 2503 expositionis

125 2589 134 2602 „
182 2535 309 2593 iontem.
327 2532 396 2606 lecit
421 2538 452 2590 et
477 2529 716 2600 fundamentum3
748 2529 807 2588 nisi
838 2530 911 2588 sorte
938 2530 1085 2603 quendam
1113 2532 1210 2604 paullo
1237 2544 1339 2592 reeen-

182 2635 288 2695 tiorem
315 2632 518 2707 olympiodori
550 2629 637 2689 vitam
670 2631 867 2705 exscripsisse
899 2633 1062 2704 praeierant
1096 2648 1168 2692 sane
1198 2623 1276 2693 enini
1304 2613 1357 2692 co
1404 2637 1406 2642 ’

160 2719 264 2810 'quod
286 2749 362 2810 quae
389 2733 419 2792 in
448 2745 565 2807 quaque
594 2731 748 2806 disciplina
774 2731 839 2806 ip'se
856 2732 1033 2792 'Aristoteles
1056 2749 1132 2793 nova
1154 2736 1342 2806 „invenerit”

168 2830 343 2896 'ostendere
376 2832 509 2910 studiose
536 2841 673 2906 conatur,
708 2832 813 2894 similis
842 2835 1071 2914 quodammodo
1087 2843 1133 2894 est
1155 2835 1290 2910 scriptori
1313 2845 1349 2896 ct·
1434 2906 1439 2914 ¹

184 2940 242 3014 ipsi
263 2953 412 3012 anonymo
435 2934 578 2995 excotas
600 2933 822 3008 prolegomenis
844 2934 874 2992 in
897 2918 1026 2995 Platonis
1049 2937 1266 3012 philosophiam
1287 2955 1341 2996 un·

126 3079 129 3083 -
184 3041 280 3102 decim
301 3035 669 3113 capitulacontineutiltus
691 3037 743 3108 (ci.
766 3037 902 3136 lambec.
926 3038 962 3096 de
985 3038 1054 3097 nihl.
1077 3039 1159 3100 Caes.
1175 3038 1340 3098 vindobon.
1374 3039 1378 3050 “
1415 3107 1418 3114 ,

255 3260 267 3287 ’
297 3263 362 3312 Sanc
378 3259 413 3308 rix
430 3257 571 3308 eradendum
595 3266 632 3309 est
648 3247 686 3309 dc'
700 3247 760 3309 libro
779 3258 882 3322 quodam
900 3258 1049 3308 instantias
1065 3239 1143 3322 'quern
1166 3261 1226 3309 hene
1248 3268 1344 3310 noverat

186 3347 321 3414 Simplicius
340 3346 410 3411 liuius
428 3345 503 3394 solius
521 3345 658 3396 testimonio
675 3346 709 3396 uti
725 3345 835 3410 potuisse
852 3344 913 3396 ritae
929 3353 1049 3395 auctorem
1068 3345 1189 3396 illo‘aerte
1208 3361 1255 3396 non
1267 3347 1343 3396 multo

185 3425 349 3501 posteriorem.
382 3430 549 3496 Suspicionem
568 3439 638 3495 auget
656 3431 856 3482 lacunarlralruit
874 3433 936 3482 enim
949 3433 983 3483 ita
992 3433 1063 3484 codex
1072 3433 1186 3483 Nuunesii
1204 3433 1343 3498 „Proprium

186 3530 266 3574 autem
285 3523 330 3572 luit
347 3519 511 3594 plrilosophiac
528 3517 660 3588 Aristotelis
679 3533 726 3568 non
745 3518 865 3568 discedere
884 3556 1021 3570 ......
1027 3507 1048 3568 ’.
1068 3557 1073 3568 .
1094 3556 1100 3568 .
1119 3519 1345 3570 autcmiristoteles
1411 3522 1415 3530 '

169 3609 273 3670 *irinum
291 3607 320 3668 dc
341 3608 455 3668 oratione,
474 3606 536 3660 unde
553 3605 702 3670 Simplicius:
725 3606 790 3668 quod
814 3607 877 3656 anim
896 3605 1010 3669 intelligat
1028 3613 1052 3673 et
1069 3620 1140 3670 super
1151 3606 1303 3673 intellectum
1322 3613 1346 3656 ct

188 3694 435 3762 supersubstantiam
453 3691 599 3753 Aristoteles,
618 3691 769 3742 manifestum
788 3702 824 3744 est
848 3695 925 3758 apud
942 3692 1033 3742 finem
1058 3691 1129 3764 libri
1148 3692 1180 3743 de
1199 3677 1345 3760 Oratione

146 3793 149 3798 “
187 3783 258 3848 plane
276 3780 371 3831 dicens:
396 3779 459 3844 quod
484 3779 542 3829 deus
558 3786 601 3828 aut
619 3778 752 3828 intellectus
776 3761 812 3830 cst
831 3787 873 3830 aut
890 3779 981 3844 aliquid
1000 3780 1061 3829 ultra
1079 3778 1244 3828 intellectum.’¹
1282 3777 1346 3828 Nun·
1374 3804 1379 3811 ·

188 3869 269 3920 nesius
287 3865 402 3932 supplerit
420 3865 488 3915 rerba
507 3865 553 3928 „ab
571 3865 693 3916 evidentia.
713 3864 926 3940 temperuntur
944 3867 982 3915 rit.
1001 3882 1024 3931 p.
1042 3866 1098 3917 tor.
1106 3853 1175 3929 ⁵163)
1194 3863 1262 3928 plura
1275 3865 1346 3916 etiam

190 3964 217 4007 ot
234 3955 351 4006 sententia
368 3960 444 4002 staret
461 3952 543 4002 deesse
561 3953 705 4016 suspicatus,
722 3961 748 4002 at
766 3954 796 4003 cl.
807 3969 869 4017 quae
887 3966 958 4019 supra
977 3953 1084 4017 apposui.
1121 3953 1174 4016 ipsa
1186 3960 1265 4002 antem
1276 3953 1346 4000 rerba

189 4041 229 4092 illa
247 4055 274 4092 cx
293 4039 407 4103 Simplicii
430 4055 515 4090 comm.
538 4039 569 4088 ad
587 4040 625 4088 Ar.
650 4037 679 4088 dc
696 4039 769 4089 Coelo
794 4047 852 4090 sunt
874 4040 1009 4105 interpretis
1031 4039 1082 4088 cius
1095 4027 1171 4088 'latini
1190 4037 1298 4087 Guilelmi
1317 4035 1347 4084 dc

189 4128 314 4180 lloerbalre
340 4125 389 4189 (ad.
404 4109 463 4174 len,
484 4127 551 4178 1555
571 4138 608 4190 ap.
628 4126 723 4176 Hieron.
743 4127 850 4188 Scotum,
874 4141 935 4189 quae
953 4126 1025 4176 editio
1047 4125 1103 4174 licet
1126 4124 1235 4185 „acriter
1251 4122 1305 4184 iere
1318 4122 1347 4172 da

189 4215 279 4276 integro
298 4209 451 4279 interpretata
469 4227 497 4262 ac
516 4227 569 4262 cum
588 4211 708 4262 fidissimis
726 4211 794 4262 codd.
815 4213 909 4264 Grueeis
922 4225 1004 4262 recens
1016 4211 1115 4261 collata''
1133 4206 1346 4284 intituiodicatur‚

191 4299 247 4350 nihil
268 4306 346 4348 tamen
363 4297 408 4346 nisi
426 4281 532 4346 retorem⁵
546 4299 609 4348 illam
628 4297 738 4348 sacilli
750 4299 886 4364 ‚versionem
904 4298 964 4348 ferre
983 4297 1052 4347 titulo
1072 4305 1098 4346 ut
1110 4294 1203 4358 saepius
1213 4295 1258 4342 hac
1269 4299 1347 4344 aetate

190 4387 277 4436 iactum
297 4393 334 4434 est
352 4384 458 4434 mendaci
478 4386 665 4434 commendatam
684 4386 820 4448 intelligitur
838 4399 864 4436 cx
883 4387 958 4435 verbis
977 4384 1036 4433 libro
1050 4382 1119 4432 lertio
1132 4389 1155 4429 ct
1169 4387 1253 4442 quarto
1266 4379 1347 4444 suprs-

117 4509 120 4516 ,
191 4472 284 4536 scriptis
303 4471 445 4534 „Guilielmo
466 4459 570 4520 llorbeto
590 4470 685 4521 doctore
704 4471 854 4538 intorprelc'')
878 4473 917 4537 qui
942 4472 975 4522 ita
992 4470 1008 4518 i.
1024 4469 1090 4521 iia:
1122 4467 1209 4530 „Quod
1232 4467 1293 4516 anim
1311 4465 1347 4518 in-
