3160 5222
713 454 736 514 5.

144 619 241 684 taiadis
265 635 388 684 serrsum
412 619 494 682 illum
518 623 650 680 criticum
674 631 703 680 et
725 621 895 682 historicum
912 623 964 698 qui
981 629 1027 691 est
1041 621 1144 685 aetatis
1160 621 1310 688 Platonem

106 709 110 716 ’
145 730 264 780 6666166
280 713 478 782 ‘ostendentes
501 732 530 782 ct
553 723 734 783 medicorum
757 724 897 782 librorum
912 733 1039 784 veterem
1056 725 1112 783 iam
1128 725 1308 786 literaturam

145 821 348 894 respicientes,
372 823 508 883 medicae
526 824 667 883 scientiae
691 826 836 886 excultam
858 826 888 884 in
912 826 1044 900 singulas
1067 829 1307 900 partasrcserunt
1371 870 1374 872 -

29 969 33 975 .
143 922 376 994 amplitudinem,
400 925 485 983 cuius
508 925 537 982 in
560 923 690 990 Platonis
714 924 764 996 qui
780 925 846 998 ipse
861 927 1005 998 quaedam
1020 927 1050 984 in
1065 927 1183 986 Timaeo
1196 924 1305 986 doetri-

145 1039 199 1080 nae
224 1023 354 1080 medicae
372 1025 561 1108 fundamenta
577 1025 676 1098 posuit
697 1025 890 1100 1116κί616666
906 1026 1031 1100 aliisquo
1047 1028 1169 1100 vestigia
1181 1035 1321 1104 tantum,-

145 1123 271 1180 maxime
304 1123 520 1200 Heracliteismi
546 1125 628 1183 iilius
662 1126 834 1188 recendens
868 1125 1020 1200 (Sympos.
1038 1124 1100 1188 too
1117 1143 1162 1200 sq.
1186 1127 1302 1188 Phaedo

143 1219 280 1296 116ήὸ8.
304 1225 339 1282 61.
352 1213 439 1296 Arist,
457 1227 494 1284 de
512 1239 558 1283 an.
575 1224 605 1297 1.,
619 1225 654 1298 4)
679 1229 732 1286 bae
754 1235 851 1288 aetate
870 1217 950 1302 apud
974 1228 1104 1288 medicos
1128 1227 1251 1302 vigentis
1275 1237 1304 1288 et

142 1325 179 1382 ab
200 1325 273 1396 ipso
300 1325 385 1398 qnasi
414 1325 533 1386 Platone
561 1327 667 1389 Stoicis
701 1329 912 1401 commendati,
947 1347 1034 1404 quam
1068 1328 1182 1402 ignorat
1213 1314 1316 1388 etiam*

141 1425 312 1484 Aristoteles
335 1425 472 1485 inlibris
495 1429 532 1486 dc
555 1431 743 1502 generatione
766 1430 937 1494 animalium
958 1431 1009 1490 ubi
1032 1432 1173 1504 frequens
1184 1429 1301 1488 occasio

30 1599 35 1607 .
141 1541 231 1600 quum
254 1527 374 1586 easdem
398 1530 564 1588 sententias
583 1539 733 1604 oppugnet
755 1547 836 1604 qnae
853 1532 941 1592 etiam
963 1533 1041 1606 apud
1063 1540 1211 1596 auctorem
1233 1529 1299 1588 iibri

139 1627 333 1700 Hippocratiei
357 1629 605 1702 degeneratione
627 1639 656 1689 et
678 1637 781 1690 natura
793 1633 878 1706 pueri
897 1634 1043 1708 leguntur,
1066 1633 1297 1692 medicistamen

30 1759 32 1766 ν
139 1729 191 1786 666
215 1729 353 1789 carnibus
376 1738 405 1787 et
427 1725 652 1804 antiquioribus
669 1739 700 1790 et
721 1733 934 1806 posterioribus
962 1735 1041 1806 quod
1068 1733 1224 1807 adipsum
1248 1749 1298 1791 ex-

120 1829 265 1902 plicandi
294 1831 468 1904 principium
498 1833 632 1905 viamque
659 1847 851 1905 communem
874 1841 906 1892 ut
929 1835 1056 1893 Galenus
1084 1847 1202 1906 quoque
1230 1833 1300 1893 dicit

138 1931 168 1988 iu
183 1931 274 1998 libris
297 1933 334 1988 de
357 1927 488 2004 semine,
525 1949 580 1992 666
602 1933 691 2007 igitur
711 1935 748 1992 ad
770 1935 973 2008 Hippocratem
996 1934 1094 2009 ipsum
1117 1933 1298 2004 referendae,

139 2049 297 2106 numquam
321 2033 501 2094 urentlonem
523 2035 633 2093 taciens
656 2050 754 2108 neque
776 2035 969 2110 Hippocratis,
994 2036 1043 2109 qui
1060 2037 1097 2094 de
1114 2035 1298 2110 physiologia

138 2142 215 2192 certe
239 2141 267 2192 ot
289 2134 434 2192 anatomia
457 2135 529 2194 nibil
551 2121 666 2207 babuit,
691 2152 750 2212 666
775 2146 892 2210 praeter
913 2139 1053 2212 Polybum
1081 2137 1171 2196 ullius
1194 2153 1296 2194 eorum

107 2255 110 2262 ·
138 2235 189 2308 qui
213 2236 344 2292 ierumm·
365 2235 548 2307 Hippocratis
570 2235 693 2294 antidii
715 2237 909 2310 propinquive
931 2246 983 2297 aut
1003 2239 1139 2312 discipuli
1160 2238 1212 2309 (i.
1230 2252 1295 2294 cum

138 2333 322 2408 Hippocratis
345 2334 412 2395 deta
433 2337 605 2409 genealogia
626 2337 801 2394 Hecataeum
824 2353 869 2408 ap.
887 2339 993 2394 Herod.
1007 2335 1194 2408 23143etc.)
1231 2336 1296 2392 Non

20 2499 21 2508 χ
139 2434 243 2493 minus
261 2449 347 2514 quam
370 2435 628 2508 Hippocrateorum
652 2434 793 2494 librorum
817 2451 943 2494 censura
958 2437 995 2494 ad
1006 2439 1081 2498 bane
1093 2437 1296 2510 quaestionem

114 2535 265 2608 'pertinet
293 2535 393 2594 Galeni
428 2537 464 2594 de
497 2535 604 2596 iisdem
629 2536 770 2594 indicium
797 2535 927 2610 artisque
955 2537 1020 2596 eius
1047 2538 1164 2596 criticae
1194 2540 1298 2622 obser*

20 2613 22 2622 ¹
139 2636 231 2707 vatio,
266 2653 340 2709 quae
369 2635 488 2710 quidem
516 2645 606 2716 quum
633 2633 697 2694 eius
724 2637 761 2698 de
790 2637 871 2694 omni
897 2637 1081 2711 Hippocratis
1102 2639 1243 2698 doctrina
1267 2647 1296 2698 et

20 2793 22 2816 Γ
138 2738 284 2796 sermonis
307 2736 416 2812 genere
438 2721 583 2797 sententia
605 2738 874 2798 diversissimorum
896 2737 1039 2796 librorum
1062 2741 1235 2799 contusione
1251 2743 1296 2800 ni·

20 2817 22 2852 ³
61 2907 64 2910 ¹
137 2846 228 2910 tatur,
263 2839 291 2896 in
323 2839 405 2898 tibris
438 2854 508 2896 vero
542 2853 617 2911 quos
650 2838 830 2898 recentiores
863 2839 974 2897 iudicat
1005 2840 1093 2900 certis
1126 2841 1295 2900 auctoribus

20 2943 22 2950 '
137 2941 331 3014 assignandis
346 2943 425 3000 velut
447 2938 632 3013 Hippocratis
655 2940 829 3014 propinquis
845 2947 895 2998 aut
910 2940 1033 3000 medicis
1049 2940 1136 3000 simili
1151 2942 1293 3000 librorum

137 3050 310 3116 argumento
333 3042 429 3114 claris,
452 3073 494 3084 -
516 3041 618 3098 tribuit
638 3041 718 3098 enim
740 3042 831 3126 libros
856 3043 892 3100 de
912 3042 1006 3100 diaeta
1021 3043 1117 3101 varios
1134 3043 1293 3103 diaeteticis

138 3143 331 3217 scriptoribus
347 3143 503 3203 Aristotele
518 3141 683 3200 iunioribus
696 3157 825 3216 quorum
840 3141 907 3200 libri
922 3143 1295 3210 nominatim-habebantur
1350 3195 1352 3202 .

138 3247 216 3304 velut
237 3246 345 3304 librum
368 3240 445 3324 περὶ
466 3241 593 3326 τροφῆς
615 3242 692 3300 inter
714 3243 796 3301 alios
810 3245 857 3300 vel
878 3243 1033 3304 Philotimo
1050 3245 1099 3318 qui
1115 3242 1206 3303 libros
1221 3261 1294 3303 suos

137 3367 172 3408 rr.
196 3345 323 3428 τροφῆς
349 3354 418 3420 post
441 3346 634 3419 Praxagoram
658 3351 687 3401 et
710 3344 838 3414 Dioclem
861 3353 891 3402 ot
912 3346 995 3418 ipsus
1018 3345 1294 3418 Aristotelepcstc-¹

137 3449 231 3506 riores
254 3448 421 3522 composuit
444 3449 495 3520 (ei.
512 3448 547 3504 fr.
564 3463 609 3520 ap.
627 3446 730 3504 Athen.
748 3447 793 3517 111,
805 3443 863 3518 st)
886 3479 926 3486 -
954 3447 1040 3518 piane
1068 3446 1105 3504 sit
1131 3445 1292 3514 arbitraria,

137 3550 301 3614 clarissimo
330 3565 385 3606 nus
413 3550 547 3621 onernpio
576 3549 661 3606 docet
689 3561 777 3618 saepe
803 3553 921 3620 veteres
943 3559 959 3598 a
981 3543 1055 3606 islsa
1083 3545 1294 3618 descriptoris

90 3699 92 3704 .
138 3649 291 3708 cuiusdam
313 3650 372 3706 vita
395 3647 512 3720 ingenio
536 3646 701 3702 studiorum
716 3643 830 3701 ratione
845 3643 993 3715 proiectos
1009 3642 1147 3715 opinione
1163 3645 1293 3705 deiibris

138 3764 258 3824 quoquo
292 3749 356 3806 eius
390 3763 482 3820 quum
508 3743 639 3818 priorum
666 3743 843 3804 testimoniis
873 3751 1007 3802 carerent
1036 3745 1107 3804 lalse
1137 3747 1293 3819 iudicasse,

138 3860 167 3910 et
187 3850 304 3910 etiamsi
326 3863 418 3914 sensu
439 3847 569 3919 ‚quodam
591 3845 652 3904 veri
675 3846 755 3904 ducti
777 3845 905 3903 alienum
928 3855 1047 3920 propter
1064 3862 1186 3907 omnem
1207 3849 1293 3906 ratio-

139 3969 207 4014 nem
230 3963 457 4022 sermonemque
480 3949 516 4006 ab
539 3947 759 4007 auetore'titulo
774 3929 916 4021 inscripto
932 3937 1039 4006 librum
1060 3943 1207 4023 quendam
1226 3963 1294 4010 esse

139 4054 363 4124 intellexissent,
386 4050 517 4110 sutilibus
538 4050 569 4108 id
593 4048 772 4123 argumentis
788 4049 940 4122 probasse,
964 4052 1043 4110 velut
1056 4051 1242 4110 Andronicus
1258 4053 1294 4109 de

139 4157 214 4216 libro
237 4147 315 4235 περὶ
338 4143 510 4235 ἑρμηνείας
532 4152 665 4210 iudicans
688 4158 717 4210 61
738 4159 874 4210 arrctores
897 4167 973 4224 quos
996 4152 1129 4225 sequitur
1145 4152 1295 4226 Olympio-

140 4260 231 4316 durus
254 4253 418 4330 116131
438 4272 482 4329 sq.
500 4255 557 4325 id.)
584 4255 621 4312 de
649 4253 814 4314 Aristotelis
840 4253 1082 4328 Meteorologieis
1101 4253 1295 4326 disputantes,

139 4360 264 4418 maxime
287 4373 356 4416 reru
380 4357 407 4416 in
433 4373 468 4416 oo
491 4371 631 4431 peccasse
653 4369 705 4417 eos
728 4357 808 4430 quud
831 4355 938 4430 scripta
962 4355 1039 4414 iusto
1063 4354 1172 4412 iudicio
1188 4353 1296 4410 reiecta

141 4477 174 4520 66
209 4469 240 4519 61
273 4461 366 4520 veris
386 4466 537 4520 auctorum
576 4458 745 4530 nominibus
783 4459 940 4518 redderent
973 4455 1090 4516 tbrtuita
1123 4454 1297 4528 piarumque
