2954 5048
762 304 845 419 aaa,

218 503 276 563 Sed
303 505 340 563 de
366 503 412 563 his
445 505 570 578 aliisque
597 504 762 563 Aristotelis
785 508 979 580 'aliorumque
994 507 1189 566 Graecorum.
1210 516 1375 567 auctorum

187 672 189 676 y
216 606 298 665 lihris
331 607 595 682 pseudepigraphis
628 606 773 681 Arabicis,
811 625 887 682 quos
925 609 960 666 ad
994 609 1218 683 Byzantinarum
1250 609 1376 683 quidem

216 692 376 767 litterarum
389 720 390 725 ’
403 709 568 781 historiam,
596 723 657 766 non
682 723 753 767 vero
768 709 823 766 ad·
838 709 1061 782 antiquissimos
1083 710 1152 769 illos·
1172 710 1375 795 Alexandrina

215 809 273 867 iam
300 815 392 870 aetate
420 812 493 869 falso
521 811 678 885 inscriptos
707 809 856 884 pertinere
882 796 1199 871 omncs'manit'estum
1222 819 1282 884 est,
1313 813 1374 872 alio

216 919 348 988 tempore
367 914 580 988 'disputandum
603 896 666 971 erit.

236 1024 237 1027 ’
296 1010 361 1074 lam
388 1032 458 1075 vero
485 1015 516 1074 st
534 1016 626 1074 libros
642 1009 719 1072 *illos
734 1028 736 1030 ·
752 1017 789 1072 de
816 1015 892 1073 victu
930 1021 959 1072 et
988 1015 1101 1073 morbis
1135 1017 1181 1074 de..
1198 1016 1373 1090 plautis‘de

214 1115 360 1190 lapidibus
386 1117 507 1176 omnino
537 1133 596 1175 non
625 1117 743 1190 scripsit
768 1116 940 1175 Aristoteles
968 1130 1035 1175 necv
1049 1117 1189 1191 physicae
1220 1117 1373 1182 doctrinae

215 1217 369 1276 universae
397 1219 610 1292 expositionem
643 1218 940 1292 uuquemahsolvit,
973 1225 1076 1284 mortes
1096 1219 1159 1276 sola
1185 1219 1373 1278 eum-luisse

212 1318 387 1392 impeditum
414 1328 493 1394 patet
526 1336 581 1379 nec
607 1320 665 1379 iam
688 1321 772 1378 locus
799 1315 845 1377 est
871 1319 1080 1395 metaphysicis
1102 1320 1185 1378 libris
1206 1328 1275 1395 post
1296 1322 1374 1395 phy-

215 1421 406 1494 siologicos.v
432 1423 468 1480 Et
500 1436 571 1480 sane
602 1421 724 1496 quidem
756 1437 934 1496 quamquam
968 1437 1019 1479 eae
1054 1429 1122 1480 sunt
1155 1423 1308 1483 citationes
1335 1429 1373 1481 -et

214 1520 489 1598 Metaphysicorum,
514 1539 588 1598 quac
610 1523 679 1581 licet
700 1538 760 1581 non
784 1523 910 1581 disertae
933 1539 988 1582 nec
1011 1524 1075 1596 ipso
1091 1522 1157 1583 libri
1173 1525 1372 1584 additotitulo

213 1627 322 1685 multae
347 1632 446 1685 tamen
471 1626 502 1684 in
526 1625 659 1701 Physicis
687 1625 790 1683 obviae
814 1633 892 1691 sunt
916 1626 967 1699 (cf.
991 1626 1093 1684 Bonita
1118 1625 1228 1686 Comm.
1253 1627 1318 1701 p.4
1343 1634 1374 1685 et

212 1724 954 1800 11111111911841126.198,28.’228,19111),
989 1735 1018 1786 et
1050 1728 1243 1804 Physicorum
1279 1729 1372 1788 libro-

212 1844 337 1902 rumque
360 1830 615 1902 subsequentium
627 1844 702 1903 quae
717 1829 746 1887 in
762 1828 977 1903 Metap'hysicis,
1000 1837 1034 1888 ut
1048 1831 1085 1888 de
1100 1830 1242 1905 temporis
1257 1830 1372 1889 ratione

211 1929 285 1987 nihil
319 1930 388 1988 inde
420 1931 528 1989 efficias
551 1932 708 1990 uno‘lorte
730 1932 796 1989 loco
820 1937 941 2003 excepto
961 1931 1050 2007 Phys.
1068 1930 1097 2004 1,
1114 1931 1238 2003 2192,
1253 1927 1295 1991 35
1318 1932 1371 2006 qui

211 2032 260 2090 rix
286 2032 375 2091 ullam
403 2032 556 2091 admittere
584 2021 796 2090 dubitationem
822 2031 904 2090 visus
932 2041 976 2092 est
1002 2035 1155 2106 omnihus,
1183 2033 1247 2108 ipsa
1269 2041 1370 2092 tamen

212 2135 237 2194 si
260 2137 422 2209 perlustras
444 2135 574 2210 Physica
594 2149 687 2206 eaque
721 2151 796 2208 quae
823 2135 918 2208 primo
941 2134 1168 2194 maximelihro
1192 2136 1369 2195 universalia

211 2237 290 2295 dicta
311 2247 380 2296 suot
401 2237 666 2312 Metaphysicorum
686 2236 895 2310 argumentum
916 2253 1005 2311 saepe
1024 2238 1182 2311 tangentia,
1206 2237 1231 2296 si
1246 2238 1368 2312 physica

211 2338 320 2412 scripta
342 2356 417 2413 quae
440 2348 605 2413 sequuntur
625 2338 748 2412 reliqua,
776 2338 802 2396 si
824 2339 929 2396 librum
954 2339 990 2396 de
1013 2339 1118 2412 anima,
1142 2354 1190 2398 res
1212 2339 1253 2397 ihi
1276 2347 1369 2397 mcta-

210 2440 347 2514 physicas
369 2439 572 2510 terminosque
595 2441 761 2498 sexcenties
784 2439 918 2497 invenies
947 2454 1014 2498 esse
1037 2448 1196 2514 usurpatos
1219 2434 1369 2514 saepeque

212 2556 287 2614 quae
309 2541 339 2598 in
361 2537 568 2613 Metaphysicis
591 2540 689 2598 dedita
711 2556 801 2614 opera
823 2542 1061 2600 demonstrantur
1083 2543 1122 2601 ita
1144 2543 1191 2601 hic
1204 2544 1368 2617 argumenti

210 2645 303 2702 instar
325 2641 458 2702 adhibita
475 2640 560 2714 quasi
583 2640 641 2700 illis
663 2642 833 2701 memoratis
855 2641 1118 2716 utpote’omnibus
1140 2644 1198 2702 iam
1219 2645 1297 2703 notis
1317 2660 1368 2704 res

211 2749 307 2808 omnis
329 2745 653 2817 conficiatur,alteram
676 2743 803 2817 denique
818 2745 900 2802 hanc
922 2747 1368 2819 secundamque-videbistheo-

210 2851 316 2912 ceticae
342 2847 546 2924 philosophiae
573 2853 684 2920 partem
708 2862 724 2904 e
746 2845 840 2919 prima
861 2846 1060 2921 philosophia,
1089 2847 1120 2906 id
1142 2850 1222 2921 quod
1245 2865 1281 2907 ex
1303 2848 1368 2921 ipsa

209 2969 241 3011 re
264 2967 335 3011 csse
353 2957 442 3025 patet,
457 2948 714 3021 vfundamentoque
736 2948 936 3023 metaphysica
963 2965 1062 3007 revera
1090 2951 1232 3023 pendere.
1249 2965 1366 3009 omnem

208 3053 337 3126 indeque
359 3067 459 3109 rerum
484 3051 671 3123 physicarum
699 3050 802 3108 deduci
831 3050 971 3123 plurimas
999 3060 1028 3110 ct
1050 3052 1236 3111 definitiones
1263 3058 1367 3111 etex-

208 3143 395 3228 plicationes,
430 3158 462 3209 ut
488 3151 608 3208 minime
627 3165 670 3208 *cx
699 3165 733 3208 eo
762 3152 826 3209 solo
848 3152 879 3209 id
907 3153 1039 3212 derivare
1065 3155 1164 3227 possis
1185 3153 1277 3226 'quod
1304 3159 1366 3211 tota

208 3258 266 3317 iam
288 3246 380 3330 prima
402 3251 589 3328 philosophia
616 3252 743 3326 perlecta
771 3261 800 3312 ct
825 3260 924 3313 mente
951 3255 1078 3314 auctoris
1106 3256 1253 3313 elaborata
1273 3254 1364 3327 quasi

208 3359 438 3432 interspiciatur:
463 3372 521 3414 non
546 3355 624 3414 enim
645 3355 746 3413 lectori
769 3351 923 3430 ignoranti.
941 3424 943 3428 ἱ
958 3357 1030 3414 Nam
1046 3364 1079 3414 ut
1090 3357 1222 3429 exempla
1234 3355 1363 3426 afferam,

208 3459 357 3521 simultis
379 3459 476 3518 modis
499 3457 555 3517 diei
577 3474 669 3517 unum
692 3460 791 3528 (taceo
811 3457 892 3515 enim
916 3459 952 3516 de
975 3465 1043 3516 ente
1057 3459 1094 3517 de
1110 3473 1169 3531 quo
1184 3457 1262 3515 idem
1274 3471 1363 3528 saepe

207 3572 241 3622 ut
266 3571 370 3621 notum
393 3560 553 3620 assumitur
573 3562 653 3619 velut
673 3556 750 3628 185,
762 3557 802 3617 21
816 3566 873 3616 ete.
897 3560 932 3617 ci.
957 3576 1032 3617 max.
1048 3555 1135 3619 33eo
1151 3557 1207 3631 29)
1223 3557 1304 3631 legis
1323 3557 1364 3616 ita

177 3674 178 3679 ’
208 3665 381 3738 simpliciter
402 3678 490 3736 saepe
512 3661 642 3735 positum
664 3661 713 3732 (ut
727 3661 815 3735 Phys.
832 3658 862 3732 1,
879 3660 907 3718 2.
926 3657 1012 3721 latu
1027 3659 1057 3719 ¹6.
1075 3658 1103 3732 5,
1119 3660 1149 3716 4.
1167 3658 1256 3718 2271]
1272 3656 1301 3718 3.
1326 3660 1363 3717 de

207 3760 253 3828 an.
270 3767 300 3841 2,
313 3765 341 3825 1.
358 3765 446 3825 alcu
458 3762 479 3825 8
491 3765 561 3835 etc.)
586 3761 647 3821 sive
670 3777 706 3818 ex
728 3761 871 3835 principio
895 3764 975 3836 quod
995 3769 1102 3821 ‘vocant
1124 3759 1362 3821 contradictionis

205 3870 302 3929 omnis
326 3868 493 3927 dialecticae
517 3863 707 3922 fundamento
730 3864 921 3922 celeberrimo
948 3866 999 3922 rei*
1014 3863 1166 3922 cuiusdam
1189 3861 1361 3921 refutandae

206 3977 412 4046 argumentum
434 3967 493 4041 peti
512 3965 612 4036 (velut
632 3965 718 4038 Phys.
734 3963 765 4037 8,
783 3962 811 4024 5.
828 3961 916 4025 2571)
933 3962 983 4025 10.
1008 3965 1044 4021 de
1056 3977 1102 4019 an.
1119 3959 1149 4034 3,
1165 3962 1195 4020 2.
1211 3960 1365 4023 4261129.

205 4045 448 4148 42154816
472 4081 563 4124 seusu
586 4082 610 4124 c.
628 4063 662 4139 t)
689 4066 753 4124 sive
773 4082 839 4139 -quo
866 4058 944 4124 illius
972 4062 1098 4122 maxime
1125 4064 1289 4123 illustratur
1310 4079 1361 4123 ve-

204 4177 274 4236 ritas
292 4170 327 4232 'et
349 4187 406 4246 qua
428 4168 539 4228 ratione
562 4170 652 4227 multa
674 4176 704 4227 et
726 4166 872 4226 contraria
895 4174 992 4224 tamen
1015 4181 1082 4225 esse
1105 4181 1194 4237 posse
1216 4181 1309 4224 unum
1332 4174 1361 4224 et

205 4280 283 4337 idem
306 4272 480 4342 ostenditur,
503 4266 650 4343 potentiae
672 4278 804 4330 etactus
827 4268 984 4328 discrimen
1012 4285 1065 4342 per
1087 4272 1181 4327 totam
1204 4269 1265 4328 fere
1286 4269 1360 4342 phy-

206 4379 295 4436 sicam
320 4372 590 4445 dominaricoquc
612 4387 670 4433 uon
698 4372 916 4448 physiologicos
944 4371 1039 4430 solum
1067 4372 1159 4429 lihros
1188 4376 1217 4428 ct
1239 4385 1360 4443 gencra-
