2992 5032
773 318 834 378 146

228 507 266 558 et.
280 497 346 567 linis
369 495 435 555 libri
457 483 485 552 λ’
508 510 525 550 a
546 509 574 566 p.
592 489 699 552 torte
717 488 755 548 11.
791 487 953 547 deficientis
988 489 1105 561 duoque
1132 485 1208 546 libri
1222 477 1251 547 δ’
1276 487 1394 555 emissa

229 569 355 674 capitula
376 594 457 670 (4,9
481 591 634 670 11110)
658 601 687 651 at
709 607 769 651 nen
791 590 828 647 ab
851 589 977 648 Averree
1000 589 1132 662 neglecta
1157 597 1188 646 ut
1210 591 1297 648 decet
1312 589 1391 662 Epir.

229 696 347 774 11361.
392 697 476 769 ipsae
508 702 604 753 tamen
638 693 781 752 lectiones
814 689 961 749 versionis
994 690 1082 749 buius
1107 690 1393 767 'Graece-Arabico·

229 800 349 861 Latinae
376 812 467 870 qnum
501 794 675 870 saepissime
701 793 891 877 consentiant
923 806 989 849 enm
1018 792 1129 865 optimo
1153 793 1253 854 codiee
1277 793 1392 850 Graeco

229 899 271 979 Ab
290 876 379 960 Bell.
403 897 572 970 multasque
593 878 717 954 Benitzii
740 893 882 953 lectiones
905 894 1264 976 praeclarascenlrrment‚
1280 893 1392 952 rectius

230 1004 291 1061 sere
311 1000 336 1057 si
358 999 506 1072 paradoxa
537 996 619 1070 loqui
653 995 726 1054 velis
754 999 784 1053 in
807 994 944 1053 versione
967 994 1090 1052 Arabica
1111 996 1169 1070 legi
1193 996 1302 1055 dixeris
1326 983 1392 1054 Ari-

230 1103 366 1161 stotelem
400 1114 486 1172 quam
510 1096 538 1155 in
563 1104 642 1155 textu
667 1097 732 1170 ipse
757 1095 861 1153 Aldine
883 1095 979 1167 primo
1007 1096 1118 1155 codicis
1144 1098 1299 1156 cuiusdam
1322 1113 1391 1157 cum

229 1205 318 1264 Bekk.
335 1201 395 1259 ET
418 1199 478 1256 lere
500 1198 615 1271 cognati
639 1197 842 1270 interpolatam
853 1196 999 1255 interdum
1013 1203 1041 1254 et
1053 1207 1219 1271 corruptam
1231 1200 1390 1258 lectionem

231 1280 362 1363 secute.v
387 1301 492 1359 Mirum
519 1286 589 1357 rere
618 1298 643 1356 si
671 1298 718 1359 eui
746 1298 879 1356 videatur
906 1298 985 1370 qued
1013 1313 1105 1370 quum
1127 1301 1227 1373 plnres
1250 1302 1392 1358 adessent

229 1404 413 1477 singulorum
447 1400 613 1460 Aristotelis
652 1400 792 1465 librorum
832 1398 985 1458 versiones
1018 1398 1158 1458 Arabicae
1190 1420 1257 1463 rare
1292 1413 1391 1463 tamen

230 1502 422 1579 cogitaverint
442 1501 553 1559 Arabes
575 1500 743 1573 philesophi
767 1500 844 1559 inter
865 1515 897 1558 se
920 1499 1167 1575 illus-comparare
1180 1506 1391 1565 uecArerroes

228 1605 376 1681 eversionis
399 1588 463 1663 eius
487 1617 546 1673 qua
568 1601 660 1660 ulitur
682 1602 802 1659 lacunas
825 1602 879 1659 hac
899 1600 1014 1663 ratione
1037 1605 1205 1678 expleverit,
1229 1606 1254 1665 is
1270 1623 1391 1666 causam

230 1709 318 1766 habet
350 1706 484 1779 ipserum
518 1703 728 1776 exemplarium
762 1718 850 1774 qarem
884 1719 973 1775 supra
1006 1705 1087 1778 tetigi
1121 1706 1276 1766 raritatem.
1328 1707 1392 1776 Qua

232 1810 339 1866 lactum
361 1815 407 1866 est
429 1814 461 1865 ut
483 1805 576 1863 solius
600 1805 660 1862 lere
683 1804 735 1876 (cl.
760 1803 860 1861 Renan
883 1804 983 1862 Avcrr.
999 1821 1026 1877 p.
1040 1801 1097 1877 38)
1121 1807 1187 1864 libri
1211 1809 1335 1882 bletapb.
1349 1799 1391 1880 λ’,

232 1908 282 1984 qui
305 1924 398 1982 quum
427 1906 582 1964 universae
610 1902 694 1978 quasi
722 1904 938 1978 metaphysicae
967 1908 1176 1979 compendium
1203 1917 1284 1967 esset
1303 1925 1392 1983 sepa·

231 2010 316 2070 ratim
343 2025 360 2066 a
386 2007 508 2080 reliquis
542 2005 625 2069 libris
652 2021 670 2062 a
698 2004 876 2087 quibusdam
910 2022 1073 2066 conversus
1108 2010 1159 2082 (cl.
1188 2010 1291 2068 Nedim
1313 2011 1390 2068 llott.

231 2111 295 2171 240
307 2127 351 2184 sq.
376 2109 440 2168 Cas.
458 2106 488 2180 1,
505 2103 584 2178 306)
612 2113 662 2163 aru
688 2120 755 2164 cum
779 2107 929 2165 Themistii
957 2109 1128 2181 paraphrasi
1160 2111 1252 2182 (sient
1274 2111 1303 2169 ie
1323 2127 1392 2173 xer·

232 2194 427 2289 siene-buius
450 2208 515 2267 libri
538 2206 690 2279 Hebraica,
714 2208 748 2264 cl.
772 2207 870 2264 Pasini
894 2210 911 2266 l.
925 2225 949 2266 c.
961 2226 989 2282 p.
1004 2208 1060 2283 15)
1084 2219 1133 2270 aut
1155 2228 1222 2271 eum
1234 2214 1392 2283 Alexandri

215 2303 442 2378 'commentario
475 2311 634 2381 serebatur,
663 2311 763 2383 plures
791 2308 820 2366 in
845 2309 983 2384 llispania
1016 2313 1221 2375 translationes
1243 2314 1391 2373 Averroes

218 2413 367 2474 ¹habuerit
389 2413 419 2470 in
443 2395 530 2470 buius
553 2410 740 2484 potissimum
769 2409 833 2467 libri
862 2414 1076 2477 commentario>
1105 2413 1200 2472 varias
1222 2413 1269 2471 ille
1291 2422 1321 2472 et
1343 2417 1390 2474 vel

231 2516 319 2574 trium
342 2510 472 2586 (eoum)
505 2512 674 2572 versionum
707 2511 848 2569 lectiones
877 2528 965 2586 saepe
992 2515 1099 2586 citans,
1134 2515 1169 2572 cl.
1193 2532 1221 2590 p.
1238 2512 1300 2576 301
1317 2532 1343 2589 g.
1360 2517 1389 2574 k.
1415 2574 1420 2582 ,

232 2613 384 2690 3081111.
419 2612 522 2675 3090.
557 2609 776 2687 abeatur.
809 2608 907 2671 3171.
942 2609 1040 2691 3181>
1064 2624 1092 2674 ct
1114 2615 1294 2675 coenet
1323 2618 1389 2689 (nbi

231 2728 282 2794 „et
303 2720 360 2777 hec
382 2717 549 2776 invenimus
576 2730 612 2772 ex
640 2715 829 2773 translatione
851 2714 987 2773 loannis*
1015 2716 1033 2774 l.
1057 2731 1082 2773 e.
1105 2714 1203 2790 lalrjae
1225 2717 1287 2775 Ben
1309 2717 1389 2787 Adi).

229 2823 293 2881 lam
315 2834 384 2876 vere
407 2817 498 2877 altera
520 2818 665 2891 qrraedam
693 2817 861 2875 versionum
884 2815 1049 2875 Aristotelis
1072 2817 1260 2878 Arabicarum
1288 2836 1323 2878 ea
1344 2829 1390 2879 est

230 2921 340 2981 utilitas
363 2926 395 2977 nt
416 2934 454 2975 ex
475 2917 511 2973 iis
534 2917 607 2974 selis
630 2919 739 2975 multos
767 2919 824 2976 nisi
853 2934 923 2990 spes
947 2917 1019 2976 lallit
1041 2919 1133 2980 libres
1153 2923 1263 2982 Graece
1285 2923 1390 2995 deper-

231 3021 309 3091 ditos
332 3019 395 3076 lieri
419 3016 513 3090 possit
536 3023 568 3072 ut
591 3032 670 3074 nunc
694 3033 812 3089 qireque
835 3034 1060 3093 cognoscamus,
1085 3023 1110 3080 si
1134 3039 1192 3082 nou
1217 3025 1310 3096 ipsius
1324 3023 1390 3081 Ari-

232 3119 346 3180 sletelis
369 3151 409 3158 —
432 3118 461 3176 id
485 3118 565 3191 qued
588 3117 702 3174 etiamsi
725 3117 850 3178 fuissent
873 3134 949 3190 ques
970 3134 1031 3178 non
1056 3122 1147 3180 luisse
1163 3139 1252 3196 supra
1266 3124 1387 3195 probavi

231 3223 297 3284 libri
320 3219 485 3280 Aristotelis
519 3233 598 3277 nune
626 3218 768 3291 deperditi
797 3226 825 3276 ot
853 3219 1018 3299 studiorum
1047 3223 1304 3296 Peripateticorum
1330 3224 1388 3297 By-

229 3320 347 3402 zantina
369 3328 462 3381 aetate
486 3320 659 3379 lristeria'et
682 3318 795 3378 Nedimi
819 3319 929 3390 „ludex
953 3323 1164 3382 doctrinarum'
1185 3324 1324 3382 refutaret
1345 3356 1388 3380 -.-
1421 3328 1424 3336 ‘

230 3431 547 3506 athcommentaterum
575 3423 648 3483 eius.
683 3422 784 3506 Cuius
812 3421 855 3479 rei
883 3423 1063 3484 luculentum
1096 3432 1192 3483 exstat
1219 3426 1386 3498 exemplum

230 3526 432 3603 commentarii
455 3542 542 3599 quem
564 3527 601 3584 ud
623 3525 747 3599 llletaph.
761 3511 788 3582 λ’
811 3522 976 3583 Alexander
996 3525 1234 3607 Aphrodisiensis
1258 3525 1384 3600 scripsit,

230 3644 289 3702 quo
312 3628 425 3698 integre
449 3634 478 3685 et
499 3625 628 3699 genuine
651 3627 796 3684 Avcrrees
823 3641 897 3684 usus
924 3635 969 3685 est
995 3627 1062 3685 lieet
1088 3633 1170 3698 parte
1196 3634 1309 3685 tanturn
1338 3629 1386 3700 (ut

229 3736 259 3797 et
280 3727 434 3802 Alexandri
458 3727 488 3783 in
511 3727 598 3801 Phys.
622 3727 840 3787 commentariis
867 3730 926 3801 nen
953 3728 1009 3785 nisi
1036 3743 1089 3800 per
1115 3735 1213 3800 partes
1237 3729 1384 3806 translatis
1440 3765 1447 3771 -

229 3826 339 3887 Arabes
362 3826 408 3884 usi
432 3834 510 3897 sunt,
534 3830 752 3889 commentario.
767 3837 918 3902 praeterea
940 3829 969 3886 in
993 3829 1100 3887 librum
1123 3829 1240 3887 tertium
1263 3832 1384 3890 omnino

231 3927 407 3999 desiderato,
429 3927 467 3985 iis
489 3943 558 3986 vero
581 3947 655 4003 quae
678 3933 715 3990 ad
727 3933 747 3991 1.
759 3939 894 3989 octavum
910 3944 1002 4002 patrea
1013 3937 1164 4024 exstarent
1170 3931 1383 3991 abAlexandre

231 4041 263 4092 ut
292 4030 332 4088 ait
359 4028 501 4105 Averroes
533 4029 651 4105 alienis,
686 4033 721 4100 el.
748 4023 883 4092 Wenrieh
899 4027 970 4090 275.
1006 4030 1058 4088 lbn
1081 4031 1203 4104 Nedime
1237 4035 1385 4095 censentit

231 4133 325 4216 ipsius
352 4129 489 4209 Averrois
516 4130 716 4194 testimonium
740 4135 851 4197 Coruin,
879 4134 909 4190 in
931 4133 1018 4206 Pbys.
1042 4150 1070 4206 p.
1087 4132 1142 4207 lb,
1181 4136 1231 4208 qui
1258 4143 1288 4194 et
1309 4137 1385 4195 The·

230 4226 361 4296 mistium
395 4239 424 4291 et
456 4229 652 4292 Alexandrum
676 4267 716 4276 -
740 4237 774 4293 cl.
799 4252 823 4294 e.
848 4252 890 4308 gr.
908 4230 1003 4307 1333.
1028 4231 1133 4295 1'37m.
1156 4233 1241 4296 1431
1263 4245 1317 4295 etc.
1342 4270 1383 4296 -,

229 4337 316 4399 uobis
349 4342 466 4409 praeter
498 4333 638 4406 Simplicii
673 4337 832 4410 fragmenta
861 4336 1045 4407 deperditum
1068 4354 1157 4413 saepe
1180 4340 1256 4398 citat.
1281 4342 1382 4398 adrer-
