2954 5034
669 356 707 416 61

113 527 257 599 insignem
281 526 331 599 551
356 525 384 584 15
408 520 539 584 5555555
567 527 641 584 libro
671 528 708 584 de
730 527 913 585 institutione
941 528 1069 586 feminae
1092 530 1267 588 christianae

113 628 208 699 (5555
235 642 311 699 5555
340 621 779 708 55151111555151523)555
813 630 902 687 Paulo
937 638 965 688 et
998 630 1175 706 Hieronymo
1208 647 1267 691 uua
1325 638 1328 645 ’

113 743 200 801 saepe
235 728 355 801 apponit
388 727 552 787 AristoteIIs
591 727 763 803 gravissima
796 730 906 787 monita
937 746 972 787 ex
1004 730 1266 790 Oeconomicorum

112 830 260 888 volumine
283 829 415 889 secundo
443 829 559 902 (,,5555
582 829 891 888 Aristotelisnomine
913 830 1097 889 inscribitur”
1121 833 1194 906 Opp.
1219 824 1284 892 ed(

107 931 201 988 115511.
223 928 306 990 1555
340 927 554 1003 1115711.
579 931 614 987 51.
639 948 666 1002 5.
691 929 763 990 648.
787 929 859 991 719.
883 928 955 990 723.
980 927 1051 990 726.
1076 931 1148 991 729.
1171 930 1265 1006 7435

111 1032 432 1105 555551511555515
455 1040 561 1089 comm.
585 1032 682 1104 amplo
705 1047 742 1090 ne
765 1033 802 1090 55
824 1018 980 1091 Aristotele
1003 1032 1122 1105 quidem
1145 1041 1264 1091 auctore

112 1132 255 1191 dubit-avit
278 1166 319 1174 —
342 1147 439 1206 neque
461 1132 556 1206 ipsius
579 1132 724 1191 Leonardi
746 1133 893 1205 praelatio
909 1134 945 1190 55
967 1133 1108 1191 Cosmum
1124 1133 1264 1192 Medicem

110 1234 235 1307 simplex
266 1243 295 1292 et
328 1228 436 1292 brevis
458 1235 553 1308 arguit
585 1234 656 1292 nihil
690 1234 809 1307 quidem
836 1234 983 1292 monentis
1005 1236 1047 1318 55
1074 1237 1164 1293 altero
1191 1237 1265 1294 libro

108 1351 201 1407 5555
224 1335 300 1393 dieat
321 1351 354 1393 se
376 1337 455 1394 hunc
477 1335 642 1394 Artstotelis
669 1326 800 1394 libellum
826 1351 879 1408 per
904 1337 958 1394 bas
986 1335 1072 1394 ferias
1096 1339 1132 1394 de
1155 1338 1264 1396 Graeco

110 1450 178 1494 5555
201 1437 422 1511 interpretatum
455 1439 526 1511 (nec
548 1438 631 1510 plura
653 1436 729 1494 idem
753 1437 841 1494 habet
863 1437 893 1494 in
915 1436 1065 1511 Epistolis,
1089 1438 1124 1495 51.
1143 1454 1188 1512 55.
1203 1435 1264 1510 5,2

109 1538 155 1595 55.
179 1538 372 1596 5155551155.
389 1536 476 1597 1751-
485 1541 515 1597 Τ.
528 1541 552 1596 ll
563 1556 591 1611 p.
604 1538 638 1597 9:
672 1539 814 1608 „Librum
836 1537 1001 1596 Aristotelis
1024 1535 1074 1611 qui
1097 1537 1265 1596 inscribitur

111 1627 305 1715 οἰκονομικὰ
329 1641 359 1697 15
382 1641 504 1699 latinum
526 1649 668 1699 verteram
692 1655 708 1698 5
731 1655 844 1712 graeco.
869 1640 900 1696 ld
922 1639 1140 1711 munns’'etc.).
1163 1640 1264 1714 Neque

98 1740 187 1797 ¹enim
210 1741 304 1815 magis
326 1743 445 1801 fraudes
468 1740 671 1801 erantAretini
694 1741 724 1798 in
746 1740 821 1799 libro
844 1755 934 1815 quem
957 1739 1026 1797 dicit
1037 1740 1264 1814 editor'operum

110 1843 157 1900 lat.
193 1842 292 1902 Venet.
317 1841 400 1904 1496
433 1845 533 1902 55111
567 1843 774 1916 (55555515,
799 1842 984 1916 05555151.
1000 1843 1021 1913 Ι,
1040 1837 1102 1900 215
1126 1843 1167 1899 51.
1185 1840 1263 1915 216)

63 1922 69 1931 ’
109 1943 245 2014 „librum
265 1946 301 2002 de
329 1947 461 2004 moribus
489 1962 524 2003 ex
551 1943 687 2002 versione
709 1944 741 2000 L.
764 1944 969 2001 Aretinicum
992 1943 1205 2017 ciusepislula
1227 1944 1264 2003 55

109 2041 288 2117 Galeotam”,v
306 2063 393 2119 5555
417 2048 604 2105 manifestum
626 2052 671 2102 est
694 2044 765 2102 nihil
788 2061 856 2103 esse
871 2045 928 2103 nisi
945 2044 1010 2102 eius
1022 2044 1052 2102 in
1064 2046 1129 2102 Eth.
1141 2046 1262 2104 Eudem.

109 2145 355 2206 introductionem
388 2147 422 2204 51.
447 2141 691 2206 5511551548
718 2145 780 2203 Vol.
798 2146 833 2202 lll
856 2163 883 2218 p.
902 2143 979 2215 229,
1013 2161 1112 2218 55555
1145 2147 1263 2204 demum

109 2245 194 2304 555
214 2247 403 2303 statuendum
430 2247 484 2303 55
511 2248 547 2303 ae
570 2246 643 2303 itero
668 2226 897 2329 acromonte
921 2243 1202 2318 (antraccole)
1226 2249 1262 2305 ae

109 2363 167 2420 qno
195 2347 231 2404 cs.
258 2347 331 2403 555.
360 2347 439 2405 VivIs
468 2348 505 2405 de
532 2342 618 2404 Arist.
652 2346 791 2420 operibus
823 2361 979 2405 censuram
1006 2347 1067 2418 (ed.
1091 2347 1157 2404 Ras.
1179 2348 1209 2403 l.
1226 2349 1261 2421 l).

107 2449 241 2508 Attamen
269 2448 412 2506 Graecum
446 2448 565 2521 551555
599 2450 678 2521 5555
710 2447 868 2505 credebant
894 2445 1003 2504 5551151
1030 2449 1179 2521 exemplar
1204 2449 1262 2508 iam

106 2551 199 2610 Aldus
222 2550 251 2606 15
274 2565 362 2606 usum
385 2546 529 2608 editionis
547 2550 672 2608 Graecae
694 2549 835 2623 prlocipis
859 2548 1263 2622 frustraundiquequacsivit

108 2651 272 2725 (5155551.
302 2653 337 2708 ad
362 2651 464 2709 Vobll
490 2659 519 2710 et
545 2651 716 2709 Bernardini
744 2651 847 2709 Donati
873 2651 1035 2709 Veronens.
1064 2650 1114 2722 qui
1141 2651 1261 2708 alterius

108 2752 186 2810 illius
210 2751 278 2810 055.
302 2753 503 2826 paraphrasim
525 2753 619 2825 primo
642 2753 716 2811 libro
729 2752 960 2811 adiunxit—cl.
968 2752 1013 2809 55.
1026 2747 1263 2810 Ρ555.1541-·-

107 2855 196 2926 praet.
216 2853 255 2909 15
286 2853 394 2912 Oeeon.
424 2871 441 2911 5
468 2870 500 2912 55
528 2870 626 2925 versa,
655 2854 684 2911 in
713 2853 830 2912 edilr.
859 2854 908 2909 lat.
936 2868 1002 2910 cum
1028 2852 1127 2916 Averr.
1156 2869 1260 2912 comm.

108 2956 207 3012 Venet.
221 2949 305 3013 1550
327 2956 356 3012 T.
374 2957 410 3012 lll
431 2973 459 3029 p.
477 2952 548 3013 167.
577 2957 613 3014 55
636 2954 746 3013 Aretini
769 2953 877 3012 05555.
902 2953 1080 3012 editionibus
1104 2962 1132 3012 et
1155 2955 1262 3014 codici·
1342 2950 1346 2957 '

106 3057 163 3114 bus
185 3055 220 3112 51.
244 3072 325 3114 555.
345 3058 447 3115 515555
470 3057 499 3116 15
524 3058 613 3130 Epist.
637 3058 726 3131 prael.
742 3074 770 3129 p.
784 3052 863 3129 78).-
895 3055 957 3114 155
979 3071 1048 3114 vero
1072 3056 1262 3130 1115555555
1280 3100 1292 3118 e

107 3156 217 3216 555551
240 3159 390 3217 55555555
415 3158 631 3218 Oeconomicus
653 3176 668 3217 5
691 3159 776 3232 primi
799 3158 865 3216 libri
889 3165 1011 3215 arictore
1038 3158 1125 3232 plane
1147 3157 1261 3217 alienus

108 3266 167 3330 est,
202 3266 328 3318 attamen
362 3261 392 3318 15
413 3241 724 3322 χ(1555515555151555
756 3259 884 3332 antiquis
912 3259 976 3316 sinc
1006 3257 1262 3331 5551555155555

107 3362 334 3421 1555555555
367 3361 480 3422 ratione
514 3379 571 3435 555
598 3362 688 3419 llavid
711 3363 740 3419 in
763 3362 823 3420 Cat.
841 3356 942 3418 2557
977 3373 1043 3413 555
1072 3358 1262 3415 5555555155

108 3470 289 3537 syntagmate
312 3462 463 3535 coniungit
485 3464 614 3520 libellum
643 3455 722 3543 περὶ
744 3449 960 3543 5551555555
986 3447 1107 3538 ἀνδρὸς
1128 3452 1184 3518 καὶ
1205 3477 1262 3540 yv-

107 3554 231 3637 ναικός,
254 3565 300 3621 551
323 3563 380 3635 1551
405 3564 567 3637 Hesychius
593 3563 623 3619 in
645 3559 750 3618 indicis
772 3560 935 3633 appendice
957 3559 1054 3632 posito
1077 3559 1166 3616 alium
1182 3561 1262 3620 addit

106 3665 234 3724 slmilem
266 3654 388 3742 νόμους
421 3652 542 3740 ἀνδρὸς
573 3655 629 3722 καὶ
653 3657 806 3744 5555555
856 3660 933 3729 Quid
956 3661 1038 3734 5555,
1063 3662 1141 3719 5555
1163 3662 1260 3737 15555

105 3767 213 3825 librum
241 3768 277 3825 ab
304 3765 459 3824 Aristotele
487 3765 606 3839 quidem
635 3780 723 3838 quam
750 3763 876 3821 maxime
903 3762 1045 3835 alienum,
1080 3763 1261 3824 Perictionae

66 3866 68 3869 ’
107 3877 204 3927 autem
226 3870 302 3928 libro
324 3862 403 3951 περὶ
425 3859 579 3948 γυναικὸς
602 3856 763 3948 ἁρμονίας
784 3861 1028 3945 (8155115585,
1045 3862 1096 3938 19,
1120 3866 1261 3925 5515151-

107 3972 150 4030 155
174 3978 243 4031 sunt
264 3971 385 4046 Phintys
409 3978 437 4029 et
459 3970 615 4044 Pompeius
626 3968 756 4026 Platonis
778 3966 825 4025 hie
848 3967 928 4040 leges
941 3967 1111 4026 exscribens
1128 3969 1162 4025 51.
1177 3969 1261 4028 0551-

107 4066 249 4145 15554)
273 4081 302 4131 et
324 4072 535 4145 5515555551
558 4070 755 4144 praeceptoris
779 4075 833 4127 est
847 4075 875 4125 et
898 4068 1052 4126 sententiis
1076 4077 1104 4126 et
1126 4077 1158 4127 ut
1172 4071 1260 4127 credo
1311 4084 1312 4087 ¹

105 4180 198 4231 aetate
220 4173 356 4247 similem,
380 4174 468 4232 latina
491 4173 626 4232 versione
649 4178 795 4231 servatum
811 4168 949 4226 Aretinus
971 4169 1086 4228 videtur
1101 4170 1258 4242 recepisse.

105 4274 190 4331 Extat
222 4274 300 4332 enlm
333 4274 452 4347 antiqua
485 4275 577 4334 seculi
599 4275 661 4332 XIII
695 4274 821 4331 duorum
853 4270 969 4327 illorum
997 4269 1259 4328 Oeconomicnrum

65 4422 66 4425 ,
104 4375 264 4445 translatio,
288 4375 415 4447 quaein
439 4376 654 4449 subscriptione
677 4374 740 4433 cod.
765 4372 854 4431 Paris.
880 4368 1079 4430 8551555811
1104 4371 1175 4428 laeta
1191 4385 1259 4429 5555
