2992 5032
764 353 827 415 132

220 527 364 601 (Spengel
386 546 414 603 p.
432 524 509 601 251)
545 544 600 602 ego
627 542 686 584 non
714 526 809 583 video.
860 525 901 583 lle
931 516 1117 602 μελοποιΐα
1150 541 1220 584 vcro
1249 523 1383 586 musicae

221 637 267 710 est
289 646 376 704 agere
398 631 496 703 (Polit.
512 628 543 703 8,
560 628 588 689 7.
607 614 716 689 13416
732 625 784 686 23.
808 627 843 686 cl.
861 623 971 688 1339n
987 627 1044 701 21.)
1068 629 1158 704 idque
1179 628 1302 686 musicis
1318 645 1383 686 em-

221 733 381 806 piricisqne
414 733 576 792 secundum
610 731 797 790 Aristotelem
830 731 1056 803 relinquendum
1086 727 1269 803 (1341n30
1292 721 1383 792 cirro-

176 837 191 865 ²
223 825 375 912 δώσομεν
404 831 509 916 ζητεῖν
534 833 606 905 τοῖς
631 827 851 912 βουλομένοις
882 823 960 914 παρ’
989 824 1130 895 ἐκείνων.
1159 833 1194 890 ci.
1215 829 1325 897 1340o
1346 831 1383 908 5)

222 947 254 996 ut
281 938 400 996 metrica
426 939 555 996 metricis
584 936 650 1009 (20.
668 935 779 996 14561)
795 932 846 995 34.
875 937 1019 1008 Theopbr.
1049 929 1127 1018 περὶ
1147 927 1275 1016 μέτριον
1298 937 1330 993 1).
1348 938 1381 994 b.

222 1032 252 1113 5,
268 1038 340 1112 47);
365 1055 419 1098 nec
442 1042 478 1098 de
501 1042 555 1097 hac
577 1056 608 1097 re
631 1040 724 1113 magis
748 1038 866 1111 scripsit
888 1038 1062 1096 Aristoteles
1086 1054 1174 1111 quarn
1191 1037 1228 1095 de
1243 1038 1384 1096 universa

190 1129 196 1136 ¹
222 1142 346 1213 musica,
369 1141 406 1198 ita
431 1149 463 1198 ut
484 1142 559 1199 liber
580 1141 629 1198 ille
652 1142 702 1215 qui
725 1141 889 1198 Aristotelis
912 1140 1032 1198 nomine
1049 1132 1289 1220 terebatur‘raegi
1302 1158 1384 1215 μου·

222 1241 318 1325 οικῆς
352 1244 399 1314 (b.
416 1244 447 1300 L.
466 1240 494 1314 5,
511 1241 561 1302 26.
586 1243 678 1301 Casiri
696 1245 706 1300 l
722 1260 750 1317 p.
767 1240 839 1302 306.
864 1241 914 1298 Ρ1.
938 1242 1048 1299 Lahbei
1071 1243 1143 1300 Nor.
1167 1241 1237 1299 bibl.
1261 1258 1332 1299 mss.
1357 1259 1382 1299 s.

224 1348 309 1421 Spec.
322 1353 380 1404 ant.
395 1346 459 1403 lect.
473 1346 564 1404 Paris.
579 1341 663 1405 1653
675 1364 703 1419 p.
716 1342 795 1418 306)
819 1343 1032 1416 discipulorum
1056 1345 1154 1418 potius
1177 1351 1259 1402 esset
1276 1359 1383 1418 operae

224 1444 388 1522 (catate,
405 1443 475 1519 13),
511 1446 587 1506 inter
620 1464 696 1521 quos
723 1444 915 1519 Theophrasti
949 1445 1076 1503 maxime
1104 1446 1140 1502 de
1168 1446 1281 1503 musica
1308 1462 1385 1519 opus

221 1553 334 1610 ¹clarum
368 1551 529 1608 habebatur
563 1535 615 1621 (de
644 1565 703 1623 quo
731 1549 766 1606 ci.
796 1547 1003 1607 Schahrastini
1026 1548 1055 1605 T.
1073 1547 1097 1603 ll
1123 1563 1151 1621 p.
1169 1545 1241 1606 197.
1269 1547 1304 1604 cl.
1321 1543 1386 1606 198

218 1669 300 1712 vers.
331 1652 556 1723 Haarbrltcher).
613 1650 698 1719 Quod
732 1651 860 1723 denique
895 1650 1030 1707 ultimum
1068 1656 1114 1706 est
1152 1665 1253 1706 earum
1286 1665 1385 1708 rerum

219 1771 300 1829 >quae
323 1756 358 1811 ad
382 1754 561 1827 tragoediam
585 1754 733 1826 pertinent
755 1753 854 1825 ipsum
878 1752 1078 1824 spectaculum
1107 1739 1142 1832 (ἡ
1169 1738 1261 1837 ὄψις,
1285 1738 1304 1813 ὁ
1327 1749 1387 1833 τῆς

220 1844 339 1942 ’ὅψεως
368 1845 523 1930 κόσμος),
558 1854 633 1913 cirea
668 1856 724 1911 hoc
758 1853 857 1926 potius
884 1862 1018 1913 versatur
1050 1841 1155 1935 ἡτοῢ
1182 1851 1386 1915 σκευοποιοῦ

223 1953 316 2040 τέχνη
340 1955 375 2030 (6
392 1964 474 2029 extr,
492 1957 527 2014 cl.
546 1973 570 2014 c.
588 1955 633 2030 7),
663 1957 740 2014 sicut
765 1948 807 2015 roi
831 1945 983 2038 σχήματα
1005 1953 1064 2039 τῆς
1088 1951 1209 2030 λέξεως
1232 1944 1383 2038 quaerite}

223 2048 422 2142 ὗποκριτική
447 2055 539 2134 (Poet.
557 2057 607 2117 19.
626 2055 867 2118 145618-13.
892 2059 927 2116 ci.
943 2058 1027 2117 Rhet.
1042 2055 1071 2131 3,
1090 2058 1118 2117 1.
1141 2061 1284 2133 Theophr.
1308 2054 1387 2142 περὶ

222 2153 644 2247 pneumatomachos).
689 2161 751 2219 lam
775 2161 863 2234 igitur
885 2159 1076 2234 intelligimus
1099 2162 1177 2220 idem
1200 2175 1302 2228 rerera
1319 2178 1386 2221 esse

224 2269 264 2326 ‚de
292 2268 392 2341 mytho
426 2280 514 2338 agere
547 2264 625 2321 idem
652 2265 688 2322 de
716 2262 865 2336 tragoedia
894 2278 927 2319 ac
956 2263 1060 2322 merito
1087 2263 1273 2321 Aristotelem
1295 2263 1385 2322 finem

221 2368 316 2427 totius
340 2368 438 2439 operis
466 2367 494 2421 in
519 2364 639 2422 exordio
667 2366 815 2423 declarare
838 2364 925 2435 illud,
955 2371 987 2421 ut
1015 2364 1160 2424 distinctis
1182 2364 1264 2438 prins
1287 2365 1317 2422 in
1339 2365 1385 2423 in·

225 2467 409 2527 troduetione
432 2465 520 2523 variis
543 2464 643 2537 poesis
666 2467 825 2539 generibus
840 2464 961 2541 (14471)
972 2464 1004 2542 8)
1022 2467 1061 2524 ita
1072 2474 1169 2522 tamen
1182 2466 1255 2523 utin
1268 2467 1384 2541 singula
1402 2484 1406 2501 ‘

185 2573 189 2579 '
226 2585 360 2645 quaeque
382 2569 429 2628 hic
452 2583 571 2642 quoque
594 2569 785 2640 supersedeat
818 2569 999 2627 descendere
1032 2565 1080 2644 (ci.
1106 2567 1194 2625 etiam
1211 2567 1305 2640 1449,
1319 2569 1382 2650 29),

225 2673 317 2749 mythi
340 2678 443 2730 natura
467 2669 657 2729 describatur.
702 2668 797 2737 Quum
825 2685 895 2728 vero
924 2670 953 2727 in
976 2667 1124 2742 tragoedia
1151 2671 1246 2742 prima
1267 2681 1296 2731 et
1318 2689 1384 2747 gra·

224 2776 345 2834 vissima
367 2781 448 2848 parte
470 2773 567 2831 omnis
590 2773 651 2830 lere
668 2771 782 2843 poetica
797 2781 931 2832 versetur
943 2783 972 2832 et
984 2772 1067 2845 quasi
1081 2772 1383 2849 effundatur'eiusque

224 2876 350 2949 primum
373 2883 477 2932 natura
500 2890 617 2947 unaque
640 2866 754 2932 tabulae
778 2878 999 2948 componendae
1021 2874 1094 2933 ratio
1107 2876 1229 2936 uberius
1242 2879 1382 2959 explicata

226 2978 272 3048 sit,
296 2993 388 3050 panca
411 2976 551 3048 deinceps
575 2977 708 3033 addenda
730 2982 841 3035 restant
863 2985 891 3035 et
914 2979 950 3035 de
973 2978 1048 3051 epici
1072 2979 1210 3038 carminis
1232 2981 1331 3038 indole
1355 2988 1383 3037 et

225 3095 299 3154 quae
330 3094 409 3136 nunc
437 3080 544 3136 desunt
571 3079 607 3135 de
631 3077 741 3135 comica
764 3079 869 3137 fabula.
915 3079 1049 3161 Attamen
1072 3079 1199 3153 Spengel
1223 3064 1270 3154 (cl.
1296 3078 1382 3136 etiam

221 3181 394 3255 -Gumposch
416 3197 444 3253 p.
457 3175 508 3238 85.
521 3175 575 3258 87)
604 3179 715 3238 exordii
743 3163 829 3240 illius⁸
844 3182 956 3254 verbis,
985 3181 1093 3254 quibus
1119 3181 1155 3238 de
1182 3170 1272 3254 lyrica
1295 3180 1383 3238 etiam

223 3283 306 3359 poesi
330 3299 362 3342 se
385 3289 573 3341 tractaturum
597 3283 716 3342 minime
739 3283 874 3358 promisit
896 3292 1006 3354 auctor,
1030 3283 1105 3340 male
1122 3282 1277 3340 intellectis
1290 3299 1381 3355 quum

222 3388 354 3446 histum
377 3376 502 3459 partium
525 3385 574 3443 illa
597 3381 634 3461 (c.
654 3384 687 3464 6)
716 3386 861 3445 divisione
884 3391 1049 3443 commotus
1073 3399 1190 3442 omnem
1213 3383 1280 3441 libri
1303 3385 1382 3442 ordi-

220 3505 291 3547 -nem
315 3489 499 3545 librariorum
526 3488 645 3548 arbitrio
673 3490 873 3562 perturbatum
901 3503 968 3546 esse
992 3486 1056 3544 sine
1079 3476 1139 3544 ullo
1163 3485 1227 3544 iure
1250 3487 1380 3559 credidit,

222 3590 253 3647 in
282 3589 387 3647 ceteris
422 3605 540 3662 quoque
574 3591 623 3649 ille
649 3591 806 3649 verborum
840 3590 901 3648 fere
930 3589 1023 3662 magis
1058 3605 1146 3661 quam
1170 3589 1381 3647 sententiarum

223 3690 367 3749 rationem
389 3692 509 3758 habens.
555 3694 670 3752 Etenim
693 3709 717 3750 e.
731 3689 781 3752 15.
795 3689 889 3764 1454,
903 3689 943 3749 25
968 3688 1111 3767 (Spengel
1129 3706 1156 3761 p.
1170 3688 1247 3766 242)
1268 3690 1380 3748 Aristo·

77 3855 78 3859 ,
181 3871 182 3874 Ἴ
221 3792 296 3851 teies
319 3793 438 3867 respicit
461 3812 494 3854 ea
517 3813 592 3882 quae
621 3796 695 3853 dicta
724 3803 794 3877 sunt
820 3811 845 3852 c.
870 3790 920 3852 13.
945 3789 1054 3857 14521)
1077 3787 1298 3875 34-1453,
1323 3791 1378 3865 12;

223 3893 329 3952 deinde
349 3893 398 3954 11.
420 3895 514 3969 1452,
531 3895 572 3957 23
600 3898 700 3956 dicens
727 3889 947 3979 περιπέτειαν
973 3910 1040 3954 esse
1069 3894 1147 3951 tham
1175 3909 1262 3966 quam
1290 3909 1378 3966 supra

221 3986 347 4072 tetigerit
375 4001 471 4059 bonae
505 4001 637 4058 fortunae
665 4001 695 4057 in
722 3999 915 4058 infortunium
943 3997 1134 4055 mutationem
1165 3992 1212 4072 (cl.
1233 4013 1257 4054 c.
1277 3993 1319 4054 13
1338 3995 1377 4054 iu.
1447 4073 1448 4079 ἵ

221 4095 263 4159 18
275 4097 329 4179 in.)
364 4103 498 4176 respicit,
534 4102 610 4161 sicut
643 4103 751 4160 frustra
784 4108 909 4175 negante
944 4097 1101 4174 Spengelio
1136 4096 1175 4171 (p.
1190 4096 1265 4177 238)
1299 4106 1377 4157 recte

219 4200 253 4259 G.
277 4202 423 4284 Hermann
448 4201 598 4273 intellexit,
622 4203 710 4260 verba
733 4202 800 4263 ci.
815 4199 971 4275 1451.,13.
997 4201 1032 4258 ci.
1045 4198 1139 4275 1452,
1154 4196 1173 4259 3
1186 4218 1250 4276 sqq.
1257 4220 1266 4277 ;
1288 4217 1377 4276 porro

154 4298 158 4324 '
219 4300 314 4377 1452,
326 4301 367 4364 35
389 4303 614 4363 inanimatorum
638 4303 724 4361 etiam
748 4308 911 4365 secundum
935 4303 1136 4363 definitionem
1158 4305 1247 4363 modo
1270 4299 1377 4362 dictam

219 4396 347 4492 (ὥσπερ
369 4395 498 4491 εἴρηται
520 4405 538 4463 1.
563 4421 588 4466 o.
601 4421 628 4466 r.
642 4404 780 4486 att-32)
803 4395 1024 4491 ἆναγνώριοις
1044 4415 1124 4468 recte
1141 4405 1377 4467 diciturereuire
