2954 5048
756 353 819 419 tut

213 529 319 589 deinde
343 505 378 586 dc
402 529 523 602 reliquis
546 529 669 590 dnobus,
687 524 732 599 (3,
746 524 774 585 l..
789 519 876 587 2980
890 524 924 587 7:
949 519 1072 588 λοιπὸν
1092 519 1264 607 neptunio
1283 520 1380 586 δυοῖν

214 634 250 690 cl.
267 630 297 704 1,
314 632 343 689 4.
361 629 448 690 2710
465 629 514 690 25.
540 631 658 689 bleteor.
676 627 705 701 1.,
723 627 751 690 3.
777 628 848 701 340,
866 627 901 702 5)
927 630 1079 689 elementis
1103 632 1382 722 elementorumque

213 735 286 792 locis
320 734 397 792 aeris
422 750 461 790 sc.
487 749 551 790 cum
580 733 773 806 ignc‘medio
802 741 831 791 et
853 734 912 792 imo
935 737 1029 793 terrae
1052 749 1119 790 curn
1142 745 1217 806 aqua
1241 764 1282 772 -
1306 733 1387 797 baec

214 838 293 896 enim
319 826 477 911 σύστοιχα
498 870 550 907 -,
578 835 653 921 libro
681 835 767 893 tertio
791 843 824 892 ut
851 839 1016 895 secuudum
1038 836 1236 898 Alexandrum
1265 834 1382 892 descri-

213 941 342 1015 ptionem
367 939 468 996 mundi
492 931 586 1021 (περὶ
611 936 671 1000 τοῦ
688 929 814 1016 κόσμου
837 940 917 997 Alex.
931 956 975 1012 ap.
991 939 1091 1012 Simpl.
1105 955 1134 1013 p.
1147 934 1378 1008 46811-28,

215 1060 282 1102 αισι
317 1058 375 1117 quo
409 1056 510 1098 revera
544 1041 607 1114 ipse
642 1042 790 1102 consentit
814 1041 983 1114 Simplicius
1012 1058 1039 1114 p.
1065 1039 1137 1112 409,
1165 1037 1313 1101 att-39.
1340 1041 1377 1098 el.

214 1145 332 1205 bt-b,
363 1144 431 1201 inde
459 1143 561 1200 titulus
585 1144 729 1202 Arabicus
758 1146 815 1215 „de
845 1132 927 1201 coelo
956 1151 984 1200 et
1006 1145 1149 1215 mundo'’)
1173 1144 1319 1217 compleat
1343 1144 1380 1201 de

214 1248 316 1305 mundi
340 1245 508 1304 sublunaris
533 1247 687 1304 elementis
710 1246 768 1320 agit
791 1254 820 1303 ct
842 1253 923 1303 motu
947 1260 1048 1303 eorum
1068 1246 1193 1304 naturali
1212 1262 1226 1302 a
1245 1246 1380 1319 pondere

215 1350 295 1407 omni
324 1347 438 1423 corpori
471 1349 589 1420 proprio
616 1350 764 1422 pendente
792 1345 837 1420 (3,
854 1347 946 1406 1-2.
972 1347 1053 1420 cte,
1072 1345 1106 1420 1)
1135 1359 1327 1421 numeroque,
1352 1355 1382 1406 et

216 1452 384 1522 differentia
412 1447 457 1522 (3,
474 1447 493 1509 3
511 1467 575 1524 sqq.
605 1440 698 1513 πόσα
719 1448 755 1510 τε
778 1443 834 1510 καὶ
857 1449 940 1512 ποῖα
960 1447 1032 1522 338,
1050 1450 1121 1524 22),
1138 1451 1195 1509 ita
1224 1452 1260 1507 'ul
1293 1450 1380 1523 quasi

216 1554 329 1628 primus
362 1554 399 1610 sit
433 1553 469 1609 de
497 1554 685 1625 generatione
724 1562 753 1613 et
786 1555 986 1628 corruptione:
1020 1568 1087 1611 nam
1128 1554 1380 1626 quemadmodum

218 1659 254 1717 de
277 1657 371 1730 primo
394 1638 518 1727 corpore
541 1655 698 1714 disserenti
722 1672 781 1714 una
804 1657 840 1714 de
862 1657 1032 1715 aeternitate
1059 1671 1157 1713 sermo
1181 1655 1380 1728 coniungitur,

217 1760 257 1817 ita
279 1760 315 1815 de
338 1757 511 1830 cerporibus
539 1759 672 1831 loquenti
702 1760 882 1832 corruptioni
910 1759 1047 1829 obnoxiis
1076 1749 1145 1835 ἅμα
1174 1748 1382 1839 συμβήσεται
1437 1742 1443 1789 ’·

217 1853 274 1920 καὶ
302 1853 381 1940 περὶ
408 1852 566 1939 γενέσεως
600 1855 655 1922 καὶ
688 1859 824 1943 φθορᾶς
853 1855 1113 1947 διασκέψασθαι
1136 1859 1181 1934 (3,
1199 1859 1227 1919 1.
1244 1857 1333 1921 2981)
1348 1857 1380 1920 8.

219 1965 253 2022 ci.
271 1961 300 2034 3,
318 1961 410 2019 1-2.
428 1959 457 2033 3,
475 1958 578 2035 ism).
625 1965 780 2023 Generatio
803 1981 872 2023 vero
889 1980 1107 2039 corporumque
1120 1965 1274 2025 diversitas
1284 1980 1380 2037 quum

149 2139 152 2144 .
218 2066 361 2144 efficiatur
383 2066 595 2124 elementorum
620 2068 707 2126 rariis
731 2067 931 2139 facultatibus,
955 2069 991 2125 de
1015 2067 1204 2140 generatione
1227 2076 1381 2127 etcorru·

216 2169 317 2245 ptione
341 2168 457 2226 docenti
481 2170 537 2226 boe
560 2169 625 2242 ipso
650 2171 767 2244 negotio
791 2170 973 2243 explicantur
991 2159 1026 2230 ori
1041 2163 1206 2253 διαφοραὶ
1215 2159 1381 2247 σωμάτων

219 2265 311 2334 uiue
333 2264 416 2331 κατὰ
440 2263 480 2330 σαὶ
505 2260 604 2351 πάθη
626 2267 682 2333 καὶ
703 2267 744 2333 rei
769 2263 846 2354 ἔργα
881 2264 937 2331 καὶ
969 2264 1029 2345 τὰς
1058 2264 1217 2350 δυνάμεις
1242 2269 1276 2346 (3
1304 2280 1379 2330 extr.

218 2372 308 2436 3071>
324 2374 390 2444 20),
414 2390 454 2431 sc.
480 2362 553 2431 libro
578 2375 613 2431 de
637 2377 719 2433 coelo
743 2383 845 2449 quarto
869 2375 956 2432 etde
980 2389 1045 2447 gen.
1064 2351 1093 2433 et
1107 2393 1183 2434 corr.
1200 2375 1219 2431 l.
1236 2374 1260 2430 ll
1276 2372 1379 2446 (primi

217 2479 306 2549 igitur
328 2483 388 2532 tres
412 2477 440 2530 l.v
456 2475 491 2530 dc
515 2476 597 2553 coelo
622 2483 691 2533 sunt
714 2477 749 2534 dc
772 2475 845 2549 ipsis
868 2475 1000 2549 physicis
1016 2477 1199 2549 substantiis,
1223 2474 1328 2548 reliqui
1340 2475 1380 2539 de

215 2576 349 2652 physicis
372 2575 557 2634 facultatibus
580 2578 744 2645 seeundum
768 2576 926 2636 discrimen
946 2574 976 2648 3,
994 2575 1022 2634 1.
1039 2575 1111 2650 298,
1129 2578 1169 2639 29
1193 2579 1326 2650 lactum),
1351 2584 1380 2634 et

217 2679 345 2753 primum
373 2680 490 2751 quidem
521 2681 557 2738 de
584 2696 618 2739 ea
642 2694 799 2753 corporum
833 2671 996 2738 differentia
1028 2696 1099 2738 sane
1132 2681 1269 2754 primaria
1302 2696 1380 2753 quae

217 2798 278 2841 non
302 2784 359 2840 iam
382 2783 418 2840 ad
442 2784 661 2856 generationem
684 2784 778 2856 ipsam
802 2790 914 2858 spectat
936 2783 986 2856 (cf.
1012 2785 1048 2841 de
1071 2800 1136 2857 gen.
1161 2791 1190 2841 et
1213 2799 1286 2841 corr.
1304 2781 1334 2852 2,
1348 2782 1377 2840 2.

218 2881 306 2944 3291)
327 2883 369 2943 20
399 2877 524 2945 robrtur
553 2879 590 2948 δὲ
616 2880 700 2968 βαρὺ
727 2881 787 2963 μὲν
816 2878 872 2946 καὶ
898 2880 1025 2968 cuipter
1053 2874 1093 2948 οὐ
1115 2878 1274 2968 ποιητικὰ
1298 2871 1380 2946 otti

217 2978 420 3066 παθητικὰ),
445 2988 497 3044 sed
521 3004 613 3069 quum
636 2988 809 3046 universalis
831 3004 990 3063 corporum
1012 2997 1111 3048 motus
1135 2996 1163 3047 et
1175 2988 1276 3046 localis
1292 2988 1377 3062 quasi

218 3077 340 3170 ζώπυρ’
364 3074 446 3148 ἄσσα
469 3096 588 3146 teneant
610 3096 769 3161 potestates
793 3091 858 3148 illae
882 3081 1055 3168 (δυνάμεις
1076 3087 1149 3163 308,
1164 3087 1200 3163 3)
1229 3090 1326 3164 gravis
1350 3097 1380 3148 et

217 3191 304 3263 levio,
350 3191 453 3248 merito
488 3192 667 3264 praecedunt
699 3189 828 3266 reliquas
863 3185 1042 3252 differentias
1076 3196 1234 3268 corporum
1266 3191 1377 3266 primas

218 3294 325 3370 quibus
349 3292 450 3351 nititur
473 3293 631 3366 generatio.
679 3294 742 3362 Quo
757 3295 874 3372 vfactum
897 3304 995 3363 estut
1018 3296 1244 3355 universaliores
1267 3292 1376 3377 bilibri

218 3400 270 3471 (de
294 3397 508 3469 coclollleth)
534 3396 570 3453 de
593 3398 805 3455 elementorum
827 3401 1045 3458 mundanorum
1068 3412 1192 3456 numero
1216 3397 1377 3469 differentia

218 3507 247 3558 et
270 3508 351 3558 motu
378 3501 428 3571 (σι’.
454 3501 489 3556 dc
513 3499 595 3556 coelo
611 3499 641 3570 4,
660 3498 678 3557 0
707 3500 757 3556 ubi
785 3502 871 3559 tacite
893 3501 1051 3575 respicitur
1072 3503 1109 3558 ad
1131 3497 1160 3573 3,
1176 3498 1213 3572 8)
1246 3515 1298 3557 cos
1326 3499 1376 3572 qui

189 3635 194 3646 ·
218 3603 254 3661 de
278 3601 466 3676 generatione
489 3608 518 3658 ct
541 3584 727 3675 corruptione
749 3603 867 3676 proprie
886 3603 1088 3662 inscribuntur
1113 3604 1323 3675 praecedentes
1347 3602 1376 3658 in

216 3705 348 3778 priorum
371 3704 512 3762 librorum
535 3704 650 3762 titulum
675 3704 788 3762 abirent
816 3705 903 3764 latius
926 3706 1106 3764 intellectum
1130 3721 1146 3762 a
1169 3711 1272 3778 quarto
1296 3711 1376 3761 certo

216 3807 353 3864 alienum.
401 3807 612 3865 Gravissimum
638 3807 728 3880 igitur
754 3815 888 3880 quartum
919 3809 1002 3867 illum
1029 3814 1058 3864 et
1080 3823 1135 3864 suo
1159 3807 1224 3865 loco
1247 3805 1377 3865 certissi-

215 3926 297 3968 mum
319 3910 515 3993 (promittitur
538 3909 595 3966 iam
619 3909 655 3966 de
679 3911 761 3967 coelo
778 3907 807 3981 1,
824 3907 844 3968 3
860 3909 921 3970 init.
946 3911 982 3968 cl.
1001 3908 1029 3982 1,,
1046 3907 1075 3968 8.
1093 3907 1180 3968 2771)
1197 3907 1253 3983 23)
1277 3909 1327 3983 qui
1340 3923 1377 3966 ex

214 4013 279 4086 ipso
304 4014 367 4070 solo
391 4013 474 4070 titulo
499 4011 678 4068 dubitatione
702 4012 789 4070 ducta
816 4029 876 4071 non
899 4012 1060 4086 genuinum
1085 4026 1152 4069 esse
1176 3992 1307 4070 dicerent
1329 3998 1377 4084 ὡς

215 4104 255 4176 σύ
285 4111 455 4196 προσῆκον
481 4110 552 4182 ταῖς
579 4106 657 4192 περὶ
684 4101 826 4196 οὐρανοῦ
853 4095 1038 4192 σκέμμασιν
1078 4101 1149 4173 dtt'
1179 4102 1274 4197 εἴπερ
1309 4101 1376 4195 ἄρα

213 4217 284 4291 τοῖς
310 4211 388 4300 περὶ
420 4207 584 4294 γενέσεως.
610 4209 666 4276 καὶ
694 4215 829 4300 φθορᾶς
861 4217 979 4291 (Simpl.
1004 4216 1094 4291 prael.
1119 4216 1149 4274 in
1172 4219 1208 4275 lV
1231 4220 1267 4276 dc
1283 4217 1375 4274 coelo

215 4322 282 4380 Scb.
306 4321 353 4378 Br.
371 4315 443 4391 510,
460 4314 505 4390 3),
529 4317 548 4373 ii
571 4316 618 4374 vix
642 4319 722 4392 digni
746 4327 815 4379 sunt
838 4320 887 4395 qui
910 4320 1083 4378 refutentur.
1131 4319 1223 4388 Quam
1246 4320 1326 4378 leves
1344 4319 1375 4376 in

212 4425 267 4482 bac
306 4439 337 4480 re
372 4437 460 4495 saepe
497 4419 604 4492 luerint
644 4420 736 4480 critici
771 4430 885 4491 veteres
922 4429 1093 4498 argumenta
1121 4424 1234 4481 >docent
1274 4428 1374 4489 contra
