3196 5232
713 445 775 504 221

169 604 344 691 συμβαίνει
366 603 566 694 plancella?
591 621 644 672 ete.
658 635 699 670 ,ε
713 613 800 674 nell.
818 610 940 686 800‚l)
963 615 1102 688 qinodque
1124 614 1221 686 ipsum
1244 619 1321 678 cxci-

169 715 249 774 disse
271 715 302 772 in
323 715 399 773 libro
422 717 458 773 de
481 731 572 774 sensu
595 715 665 773 olim
688 715 800 788 putavit
819 715 1057 789 Trendelenhnrg
1078 717 1097 774 l.
1114 732 1138 773 c.
1156 716 1208 788 (cl.
1224 716 1322 776 Prontl

169 833 197 888 p.
214 814 282 888 30),
308 817 454 876 adestote
475 816 589 876 ratione
610 831 645 872 ac
667 815 806 874 methodo
827 815 950 888 ipsaque
973 816 1174 888 explicationis
1190 817 1323 878 didasca-

168 917 243 974 licae
275 917 467 991 amplitudine
495 926 524 977 et
551 923 631 978 certo
664 917 767 974 ordine
800 916 836 972 ab
865 916 921 974 alia
947 917 984 974 ad
1017 915 1103 973 aliam
1130 917 1322 976 differentiam

169 1018 392 1077 describendam
416 1018 623 1092 disputationis
645 1016 832 1090 procedentis
855 1016 1069 1090 aequabilitate,
1094 1031 1154 1089 qua
1174 1015 1199 1074 si
1211 1032 1270 1076 noo
1286 1019 1322 1076 ab

162 1126 288 1178 auctore
311 1117 523 1192 categoriarum
545 1126 574 1178 et
595 1115 831 1194 physiognomioi
853 1115 890 1172 ab
913 1115 1077 1175 Aristotelis
1094 1124 1172 1176 certe
1183 1117 1323 1176 brevitate

168 1228 322 1293 separatur·
355 1222 471 1296 singula
504 1221 699 1294 comparando
732 1217 875 1278 miscente
908 1216 938 1274 in
971 1233 1039 1276 eum
1072 1217 1222 1276 tinemut
1248 1233 1323 1290 qnae

168 1323 273 1380 subest
295 1323 419 1398 singulis
441 1321 681 1393 ratio-emergat,
716 1319 851 1376 diversus
880 1325 1007 1377 estnon
1031 1319 1127 1378 salum
1150 1333 1167 1376 a
1188 1318 1264 1376 libro
1277 1319 1323 1384 ‚dc

168 1434 260 1480 sensu
283 1425 337 1482 sed
358 1425 394 1482 ab
417 1425 483 1498 ipsa
512 1422 597 1480 etiam
612 1459 615 1464 ,
631 1421 800 1480 Aristotelen
818 1427 850 1478 ut
877 1433 985 1492 negare
1012 1419 1084 1500 illud
1110 1433 1170 1476 non
1197 1419 1322 1479 dubites.

167 1523 218 1582 Est
252 1525 330 1582 enim
364 1523 522 1598 disputatio
555 1523 652 1580 omnis
685 1522 886 1596 physiologica
919 1536 978 1578 non
1011 1521 1231 1595 mythologice,
1266 1539 1324 1595 qua

168 1627 316 1698 quomodo
340 1626 505 1698 singulares
527 1623 608 1682 vocis
631 1623 765 1682 animalis
786 1622 969 1680 differentiae
985 1622 1017 1679 in
1034 1623 1326 1696 corporegignaotur

168 1725 287 1798 exponit
323 1734 425 1784 auctor
466 1725 505 1784 ita
538 1725 657 1798 quidem
698 1731 730 1781 ut
755 1723 857 1781 ordine
895 1738 999 1780 omnes
1036 1723 1173 1785 exhibere
1201 1726 1323 1784 studens

168 1827 333 1899 eademque
357 1841 475 1899 semper
496 1827 653 1884 verborum
676 1825 801 1885 lormula
823 1839 896 1882 usus
918 1825 1046 1896 primum
1059 1833 1211 1884 recenseat
1222 1828 1324 1900 quales

166 1941 255 1985 voces
278 1927 406 1986 alliciant
426 1925 492 1987 τῶν
514 1916 655 2009 ἀγγείων
678 1915 713 1986 αὶ
737 1916 903 2006 διαφοραί
925 1939 965 1982 se.
989 1925 1113 1984 arteriae
1128 1925 1280 2001 (asperae)
1296 1936 1326 1986 et

166 2029 316 2102 pulmonis
349 2025 437 2102 (801,
455 2028 506 2089 19.
530 2029 566 2088 el.
583 2025 656 2098 800,
673 2023 723 2086 31.
741 2025 817 2086 016.
835 2025 886 2086 10.
907 2023 981 2096 801,
998 2023 1046 2097 6),
1080 2028 1186 2086 deinde
1220 2043 1324 2087 omnes

167 2129 248 2186 vocis
282 2131 386 2190 modos
421 2131 520 2190 studio
554 2129 681 2204 quodam
716 2129 856 2188 historico
889 2133 1023 2186 accurate
1057 2135 1086 2185 et
1116 2129 1263 2188 describat
1296 2138 1325 2190 et
1436 2125 1438 2130 ’

168 2230 311 2302 exemplis
345 2245 382 2288 ex
409 2247 551 2290 sonorum
585 2231 708 2288 aliorum
736 2239 764 2289 et
790 2231 1052 2291 instrumentorum
1081 2229 1206 2290 maxime
1232 2231 1325 2290 musi-

166 2347 269 2390 corum
293 2332 390 2404 qualia
417 2341 486 2391 sunt
513 2321 611 2393 αὐλοί
633 2339 661 2392 et
683 2325 814 2415 κέρατα,
843 2331 1060 2404 comparatione
1083 2331 1134 2403 (cl.
1158 2346 1233 2390 max.
1249 2330 1323 2402 802,

165 2429 307 2505 8-029)
331 2435 437 2494 sumtis
459 2435 585 2497 illustret
598 2430 715 2516 (δῆλον
737 2429 784 2508 δὲ,
809 2425 954 2516 φανερὸν
974 2422 1007 2492 ’δ’
1026 2425 1096 2494 ἒσσί
1117 2425 1175 2492 καί
1188 2425 1246 2494 ἐπὶ
1259 2431 1326 2494 τῶν

166 2523 316 2616 ὀργάνων
336 2543 391 2594 etc.
415 2513 451 2592 cl.
467 2532 542 2608 802,
558 2534 608 2596 31.
626 2533 676 2596 37.
694 2533 767 2610 803,
785 2535 838 2597 27.
853 2535 903 2596 37.
921 2531 996 2594 015.
1013 2530 1152 2607 23010.)
1183 2535 1223 2594 ita
1245 2537 1324 2594 enim

165 2633 290 2696 80101
314 2625 459 2718 ἀσαφεῖς
490 2638 545 2709 (ita
569 2639 647 2696 eninr
675 2654 728 2710 pro
752 2639 825 2696 lalso
850 2639 970 2695 Bellieni
995 2636 1114 2718 σαφεῖς
1137 2638 1325 2698 scribendum

167 2739 203 2797 cl'.
219 2737 309 2799 8010
325 2737 381 2811 21)
405 2735 443 2800 δὲ
464 2728 612 2816 μάλιστα
636 2729 671 2798 αἱ
695 2735 806 2822 φωναί
827 2731 994 2819 γίγνονται
1016 2772 1056 2780 -
1079 2735 1168 2799 8010
1185 2739 1226 2798 22
1243 2736 1324 2815 λαμ-

166 2834 250 2922 πραί
272 2835 310 2904 δὲ
332 2833 481 2922 γίνονται
501 2871 545 2882 ·-
565 2839 712 2903 801040
736 2830 770 2900 αἱ
791 2834 851 2915 μὲν
874 2828 932 2900 οὖν
956 2834 1107 2922 λαμπραί
1128 2836 1194 2898 τῶν
1205 2837 1325 2920 φωνῶν

166 2936 333 3024 γίγνονται
379 2939 436 3004 διαὶ
482 2937 542 3015 τὰς
581 2933 753 3022 εἰρημένας
790 2932 899 3015 αἰτίας
943 2943 994 3015 (ol.
1028 2942 1151 2999 eandem
1187 2944 1324 3014 phrasenr

165 3043 252 3105 8010
282 3045 338 3117 21)
384 3077 424 3086 —
468 3043 557 3105 8020
583 3043 624 3103 29
663 3036 801 3124 σκληραί
833 3033 866 3103 δ’
907 3035 972 3104 εἶσί
1002 3041 1068 3103 τῶν
1100 3041 1220 3125 φωνῶν
1246 3035 1325 3106 ὅσαι

168 3179 208 3188 -
232 3148 268 3204 el.
291 3144 380 3208 8030
402 3143 423 3204 2
456 3135 691 3227 τραχύνεσθαι.
708 3138 746 3204 δὲ
768 3137 943 3222 συμβαίνει
963 3140 1024 3220 τὰς
1046 3139 1160 3227 φωνὰς
1183 3137 1262 3208 ὅταν
1283 3177 1325 3188 -

167 3243 255 3306 8030
280 3245 321 3307 18
356 3241 477 3308 λεπταί
506 3238 538 3308 o'
564 3238 629 3310 εἰσί
651 3244 717 3307 τῶν
740 3244 860 3328 φωνῶν
883 3239 962 3310 ὅταν
984 3281 1025 3290 -
1047 3247 1120 3319 804,
1144 3245 1165 3308 8
1188 3248 1325 3324 παχεῖαν

146 3337 204 3406 ιδ’Χ
229 3340 294 3408 εἶσί
314 3347 379 3409 τῶν
402 3347 523 3432 φωνῶν
546 3341 625 3410 ὅταν
649 3381 688 3392 -
711 3346 784 3418 804,
802 3347 840 3406 21
868 3345 998 3429 Myrmeci
1021 3339 1054 3408 δ’
1079 3339 1145 3408 εἶσί
1159 3347 1231 3409 anio
1253 3367 1325 3431 φισ-

167 3446 232 3509 νῶν
266 3441 345 3510 ὅταν
368 3451 509 3522 --804
533 3449 574 3512 32
611 3444 740 3531 σαθραὶ
771 3440 802 3510 δ’
838 3441 901 3512 εἰσί
932 3448 997 3509 τῶν
1031 3447 1150 3530 φωνῶν
1183 3443 1262 3510 ὅσαι
1284 3483 1325 3494 ——

166 3547 293 3612 80408
315 3549 450 3615 δασεῖαι
480 3545 512 3614 δ’
538 3547 602 3615 εἶσί
629 3551 695 3613 τῶν
725 3549 845 3634 φωνῶν
872 3544 969 3624 ὅσαις
991 3586 1032 3594 -
1053 3549 1201 3612 804010
1223 3545 1325 3636 ψιλαὶ

168 3639 201 3709 δ’
227 3642 292 3712 ciui
314 3687 355 3695 -
377 3652 523 3715 804011
554 3645 782 3736 ἄπερῥωγνῖαι
804 3689 845 3697 -
869 3664 897 3714 et
919 3654 984 3714 026
1006 3651 1072 3716 τῶν
1100 3644 1135 3714 ὅ)
1161 3645 1323 3736 interciperi-

167 3749 232 3812 νινν
255 3762 309 3812 etc.
343 3757 439 3829 (qriod
473 3759 508 3816 ad
540 3758 686 3816 sermonis
715 3758 949 3830 aequabilitatem
984 3759 1019 3816 cl.
1048 3757 1134 3816 etiarn
1158 3754 1232 3827 803,
1254 3756 1272 3815 9
1297 3764 1326 3814 et

166 3851 329 3928 804021)
353 3860 516 3932 eodemque
538 3860 586 3918 ille
609 3867 638 3917 et
659 3860 772 3918 minuta
793 3860 927 3916 ubertate
950 3875 1007 3931 qua
1029 3860 1058 3916 in
1073 3857 1324 3933 physiognomon

136 3965 140 3972 '
168 3955 220 4028 (cf.
243 3956 298 4015 An.
323 3960 398 4017 Men.
421 3960 481 4018 ind.
507 3977 584 4042 φυσ.
607 3951 655 4036 ff)
677 3949 697 4041 ἡ
721 3951 838 4040 ἐκλογὴ
863 3956 927 4019 τῶν
950 3952 1095 4036 σημείων
1122 3962 1233 4020 ratione
1256 3960 1325 4018 item

166 4057 305 4117 historica
328 4075 387 4118 non
410 4060 614 4136 philosophica
637 4068 666 4119 et
687 4060 723 4118 ab
747 4063 851 4118 eodem
869 4061 995 4120 sortasse
1012 4070 1132 4122 auctore
1153 4063 1324 4130 instituitur,

166 4173 304 4216 serntone
328 4167 360 4217 ut
381 4159 540 4233 plurimum
562 4162 644 4220 arido
667 4168 696 4219 et
718 4162 821 4220 eadem
845 4175 963 4233 semper
984 4164 1072 4221 verba
1089 4164 1118 4222 in
1132 4166 1325 4224 describendo

166 4260 323 4318 adhibente
346 4263 398 4330 (ol.
416 4279 441 4320 e.
465 4280 507 4336 gr.
532 4264 687 4322 formulam
709 4262 788 4320 illam
812 4251 1015 4344 ἀναφέρεται
1039 4256 1097 4324 ἐπὶ
1120 4273 1148 4324 et
1169 4265 1325 4338 praecipue

165 4359 262 4420 locum
277 4359 365 4422 8130
381 4360 495 4423 7-11,
512 4364 640 4425 ‘ll—20
656 4372 711 4424 etc.
725 4365 806 4437 eta).
856 4364 970 4424 Etenim
1001 4365 1068 4422 licet
1095 4379 1184 4438 saepe
1212 4365 1324 4424 Aristo-

164 4463 237 4519 teles
265 4479 325 4522 ram
355 4465 627 4538 physiognomicam
654 4473 753 4538 tangat
782 4467 832 4538 (cl.
857 4465 968 4538 Analyt.
994 4481 1036 4538 pr.
1054 4463 1083 4535 2,
1100 4462 1142 4523 27
1158 4465 1225 4537 lm,
1255 4465 1322 4522 hist.
