2954 5048
659 333 719 394 191

113 507 224 566 centies
239 507 348 567 eadem
373 505 435 562 sire
463 506 571 564 iisdem
595 504 692 563 verbis
721 503 782 562 sive
809 504 907 576 paullo
934 504 1052 562 13313113
1075 504 1121 562 bis
1145 506 1190 563 vel
1213 507 1265 565 tris

111 615 161 666 aut
179 607 295 680 integra
316 615 366 666 aut
382 622 425 669 ea
446 612 536 678 parte.
550 613 684 679 repetere
695 599 935 677 nonsupersedit
946 606 996 676 (cl.
1009 604 1107 665 Prantl
1118 621 1145 678 p.
1159 602 1265 666 345-

110 705 177 782 17),
199 690 363 783 ,compilans
385 707 434 766 ille
457 707 638 780 problemata
663 707 841 764 verbotenus
868 707 1042 778 plerumque
1070 715 1264 781 excerptaex

110 811 228 884 scriptis
252 809 463 882 discipulorum
485 809 649 868 Aristotelis
666 815 773 882 ¹utpote
795 808 825 864 iu
848 808 937 865 rebus
954 807 1176 879 particularibus
1191 811 1265 868 ube-

98 912 234 987 >riorum,
269 911 395 968 maxime
428 917 526 968 autem
552 909 744 982 Theophrasti
778 908 828 980 (31.
853 907 1015 969 Schneider
1041 908 1069 968 13
1098 923 1202 967 comm.
1227 914 1265 970 ad

109 1014 201 1072 libros
234 1014 285 1071 Tb.
309 1029 347 1072 3.
371 1001 564 1089 ἆνέμωνιπ.
588 1001 694 1093 πυρός
728 1028 765 1070 an.
788 1000 903 1070 κόπων
936 1003 1014 1091 περὶ
1046 999 1185 1092 ἱδρῶτος
1216 1014 1262 1071 ed.

110 1116 254 1190 Theopbr.
277 1123 298 1173 t.
315 1115 359 1171 IV.
387 1114 484 1172 Prantl
506 1113 525 1170 l.
550 1128 575 1175 a
602 1130 630 1185 p.
647 1109 811 1184 372-176)
846 1111 930 1170 cuius
964 1112 1003 1170 ita
1036 1128 1139 1171 omnes
1172 1114 1270 1172 librosv

110 1234 168 1276 una
201 1231 268 1275 cum
301 1215 375 1289 ipsis
408 1221 462 1272 aut
486 1214 609 1272 aliorum
643 1214 775 1272 eiusdem
808 1213 874 1271 libri
907 1214 1037 1271 locorum
1059 1221 1114 1273 *aut
1140 1215 1263 1274 aliorum

75 1380 77 1383 ,
109 1319 251 1376 librorum
284 1316 473 1378 citationibus
507 1316 603 1388 (velut
628 1315 694 1374 libri
721 1315 758 1372 de
780 1315 966 1388 igneProbl.
983 1312 1070 1387 30‚t
1093 1318 1136 1375 cl.>
1152 1319 1203 1375 Th.
1228 1318 1264 1375 de
1330 1392 1332 1395 ι
1389 1369 1390 1372 ,

109 1417 292 1494 13333433.
308 1417 361 1490 40,
396 1433 432 1483 ex
459 1433 517 1492 qua
539 1417 674 1477 citatione
707 1418 819 1490 antiqui
850 1417 971 1492 quidam
1004 1416 1131 1501 editores
1159 1421 1264 1477 deesse

108 1536 189 1580 nunc
209 1522 424 1594 problematum
447 1523 484 1580 de
505 1522 574 1594 igne
597 1519 757 1579 sectionem
769 1521 845 1578 male
857 1520 1030 1602 efficiebant,
1054 1499 1089 1577 ci.
1103 1520 1265 1579 Schneider
1330 1518 1331 1521 ’

108 1623 153 1693 IV,
171 1619 242 1682 594.
265 1623 462 1697 fragmentum
484 1624 555 1681 illud
578 1623 698 1696 longum
718 1621 914 1694 Theophrasti
937 1619 1268 1696 Ρ3331.30,1311133

108 1717 186 1806 περὶ
205 1713 427 1806 μελαγχολίας
449 1741 466 1781 3
488 1723 617 1796 Diogene
640 1731 801 1803 memorato
825 1731 955 1782 sumtum
978 1739 1046 1783 esse
1067 1731 1155 1797 patet.
1185 1731 1264 1782 cete-

34 1866 38 1867 r
107 1843 174 1884 rum
196 1828 233 1885 de
256 1828 302 1886 his
325 1826 512 1886 citationibus
529 1840 609 1897 quas
632 1826 749 1906 collegit
771 1842 799 1899 ps
815 1823 879 1885 348
892 1842 936 1898 sq.
965 1826 1064 1885 rninus
1085 1833 1164 1885 recte
1186 1825 1264 1885 iudi-

109 1927 183 1986 cavit
210 1927 309 1986 Prantl
341 1927 436 2000 ipsius
470 1926 670 1991 eae-auctoris
697 1935 908 2001 3333331333,
937 1927 1022 1987 cuius
1044 1935 1142 1992 tamen
1157 1928 1263 1986 ‘nullae
1378 1948 1379 1951 ¹

109 2028 229 2087 omuino
251 2029 282 2086 in
304 2030 363 2086 boc·
383 2044 472 2101 opere
495 2034 592 2100 partes
615 2030 699 2100 sunt)
727 2029 766 2087 ita
793 2029 881 2102 igitur
908 2045 1012 2088 omues
1044 2030 1200 2104 exscripsit
1233 2039 1264 2089 ut

108 2145 124 2187 e
147 2129 273 2202 siugulis
295 2130 356 2186 lere
378 2128 543 2188 sectionum
566 2129 659 2186 titulis
680 2129 847 2187 libellorum
858 2131 1049 2202 Theophrasti
1065 2131 1262 2188 adhibitorum

107 2230 246 2304 Diogenis
274 2231 408 2304 iuspecto
435 2229 531 2288 indice
546 2229 758 2288 coniecturam
785 2231 883 2289 iacias.
928 2230 1176 2304 lpsohristotele
1202 2247 1262 2290 non

107 2331 165 2390 nisi
198 2331 348 2390 rarissime
368 2339 484 2391 auctor
516 2346 589 2389 usus
617 2339 677 2404 est,
711 2334 791 2391 velut
818 2333 857 2391 de
881 2333 1007 2406 geminis
1030 2333 1143 2392 salibus
1166 2333 1264 2392 Probi.-

107 2431 158 2505 15,
175 2432 217 2492 ta
240 2449 315 2508 quae
337 2442 409 2492 suut
431 2450 467 2492 ex
490 2432 576 2491 Arist.
600 2434 718 2492 Meteon.
735 2429 765 2505 3,
782 2431 801 2492 6
824 2435 875 2504 (el.
893 2433 980 2494 9121)
996 2431 1037 2496 31
1051 2468 1094 2480 -
1109 2433 1181 2507 913,
1197 2436 1258 2494 4:

107 2537 225 2594 Meteon.
242 2533 330 2596 3771>
346 2533 388 2595 30
399 2567 440 2577 -
452 2531 525 2608 378,
542 2533 608 2607 11).
653 2535 872 2607 Theophrastus
895 2538 974 2597 euim
990 2546 1022 2596 ut
1037 2539 1185 2598 doctrinas
1197 2541 1276 2600 11133

107 2637 395 2712 quarumambitum
416 2637 530 2710 primus
553 2650 693 2695 emensus
716 2643 761 2694 est
782 2636 955 2696 Aristoteles
977 2640 1161 2713 singulorum
1184 2643 1267 2716 capi*

106 2747 182 2807 tum
201 2739 380 2799 monobiblis
414 2739 615 2811 exemplorum
648 2737 744 2810 plenis
775 2745 804 2796 et
829 2740 1044 2811 problematum
1072 2743 1190 2804 adauxit
1223 2744 1262 2802 113

107 2842 283 2914 scriptorum
308 2855 412 2898 rerum.
432 2839 527 2911 magis
554 2853 642 2910 quam
671 2837 874 2912 philosophiae
896 2840 1095 2915 curiosorum,
1122 2851 1155 2902 ut
1175 2843 1261 2903 Plini-i

107 2943 248 3001 Athenaei
264 2942 404 3012 aliorum,
427 2940 604 3012 praecipuus
626 2955 744 3012 semper
765 2941 831 2998 tons
854 2942 936 3000 luit„
961 2943 994 3001 hi
1016 2960 1086 3004 vero
1104 2945 1261 3018 33111133-

106 3043 218 3116 phrasti
245 3043 361 3103 libellos
388 3042 461 3100 istos
489 3041 519 3099 in
548 3041 747 3115 suspicionem
775 3043 921 3101 vocaverit
947 3044 998 3116 (31.
1022 3046 1120 3117 Prentl
1142 3064 1170 3121 p.
1187 3045 1259 3110 373.

107 3141 443 3218 1113133Μ31.1,137),
479 3158 594 3202 summa
627 3143 656 3202 id
686 3144 805 3217 quidem
823 3144 934 3204 iniuria
967 3163 1058 3220 quum
1085 3157 1114 3207 et
1141 3151 1261 3210 omniuo

106 3249 297 3322 Theophrasti
320 3254 421 3322 utpote
443 3247 541 3304 minus
565 3246 633 3304 clari
656 3246 887 3320 recentiorisque
910 3239 1049 3309 certiores
1073 3250 1180 3308 luerint
1194 3252 1259 3309 libri
1284 3292 1285 3295 ,

106 3350 159 3423 qui
179 3350 348 3408 ferebantur
369 3350 447 3423 apud
469 3355 584 3408 veteres
606 3349 730 3421 eiusque
752 3347 858 3405 rationi
884 3348 994 3419 optime
1021 3349 1063 3417 illi
1085 3352 1261 3409 conveniant

104 3451 234 3524 corrupti
256 3450 375 3523 quidem
397 3451 496 3508 multis
519 3449 594 3507 loeis
616 3457 645 3506 at
667 3447 772 3519 integri
794 3455 891 3506 tamen
909 3451 1117 3522 (nequeenim
1133 3453 1261 3512 multum

105 3553 142 3610 iis
170 3551 323 3609 tribuerim
350 3566 426 3624 quae
453 3551 483 3608 in
507 3548 607 3606 codice
634 3548 802 3606 Florentino
830 3549 905 3608 libro
935 3552 1067 3626 deigne
1095 3554 1271 3629 subscripta

106 3655 244 3727 leguntur
263 3651 417 3710 librarium
441 3650 565 3707 tortasse
593 3651 689 3706 solum
712 3650 886 3723 spectantia:
919 3647 1016 3727 τέλος
1030 3646 1260 3738 ’Θεοφράστου

107 3750 186 3838 περὶ
208 3747 315 3834 πυρὸς
336 3747 393 3814 καὶ
408 3748 471 3833 τῆς
494 3739 596 3810 crisci
617 3740 857 3834 μεταφράσεως
880 3753 1040 3814 Schneider
1062 3759 1117 3816 t.V
1140 3777 1167 3833 p.
1181 3758 1263 3835 1553.

107 3865 207 3916 contra
228 3858 336 3916 librum
359 3849 439 3936 περὶ
458 3843 603 3934 σημείων
617 3842 749 3914 ὑδάτων
759 3849 816 3914 καὶ
826 3846 1023 3934 πνευμάτων
1033 3860 1068 3917 31.
1083 3861 1113 3918 1).
1126 3862 1158 3919 L.
1173 3859 1202 3935 5,
1216 3860 1274 3923 45.

105 3959 213 4033 pariter
235 3959 363 4017 alienum
386 3965 416 4016 et
437 3957 472 4015 ab
494 3955 650 4015 Aristotele
678 3965 708 4015 et
724 3972 745 4014 a
767 3957 966 4030 Theophrasto
989 3976 1119 4034 censeo,>
1141 3963 1258 4036 utrique

25 4072 27 4075 ’
105 4061 184 4119 euim
216 4061 247 4120 in
279 4060 431 4119 codicibus
457 4058 637 4132 assignatur,
670 4058 709 4117 31.
737 4057 1057 4120 1313133313-33133331
1083 4057 1201 4124 latinam
1227 4068 1258 4126 in

104 4160 239 4219 Achillini
263 4161 315 4234 cp.
340 4161 508 4234 septisegm.
533 4160 638 4220 editam
655 4167 684 4218 et
696 4159 858 4219 Schneider
877 4159 932 4219 t.V
952 4178 982 4236 p.>
994 4161 1057 4224 163
1069 4181 1112 4240 sq.
1136 4167 1171 4225 cl.
1185 4164 1257 4239 tte,

104 4268 230 4362 utroque
252 4262 391 4335 indignus
413 4260 584 4336 et'propter
598 4263 693 4336 ipsam
709 4261 931 4334 compositionis
947 4265 1089 4324 rationem
1102 4276 1263 4344 eapropter

2 4408 5 4411 .
105 4362 330 4435 superstitiones
352 4363 460 4451 quibus
482 4364 570 4423 nimis
592 4364 733 4436 indulget,
747 4365 936 4439 antiquiores
963 4375 997 4426 ut
1020 4369 1103 4429 initio
1125 4375 1259 4430 narratur
