2954 5034
786 345 826 406 11

228 520 389 592 fragmenta
416 519 452 577 ad
479 518 629 576 historiam
652 515 821 578 Platonismi
850 522 997 589 spectare,
1025 528 1084 572 non
1112 513 1151 573 ad
1178 522 1291 580 ueteres
1314 513 1383 581 illos

227 620 435 694 Pythagoreos
459 619 503 676 vel
526 621 582 676 hoe
604 626 700 677 tamen
724 615 841 675 nomine
865 622 897 673 nt
919 614 1078 689 plurimum
1100 615 1277 677 advertenda
1302 617 1384 677 ualui

228 728 345 793 praeter
369 720 499 777 moralia
517 719 665 793 Platonem
692 734 768 779 cnm
786 716 951 782 Aristotele
973 715 1136 774 seeundum
1163 716 1252 774 huius
1265 757 1267 759 -
1279 717 1383 801 aetatis

229 837 341 883 morem
361 821 416 892 (cf.
440 818 560 877 Krische
582 815 836 891 1018611312.
859 818 896 874 ci.
912 814 991 888 248)
1019 809 1097 889 qnae
1117 817 1302 892 contundunt
1321 819 1383 877 litu

227 916 304 981 theri
328 922 451 978 maxime
473 921 610 978 Theanus
625 919 766 983 <Branchi
788 920 967 993 Pythagorae
991 917 1101 976 Cliniae
1124 917 1245 979 Philolai
1268 920 1305 978 ad
1327 935 1384 981 nu·

227 1037 376 1081 merorum
403 1021 582 1080 dialecticam
608 1019 771 1094 fragmenta
797 1019 989 1094 pertinentia,
1014 1027 1166 1092 praeterea
1188 1021 1296 1083 duatus
1317 1020 1387 1083 Aria.

219 1129 330 1182 ataeen
352 1121 503 1199 Archytas.
549 1121 650 1193 Neque
672 1136 742 1179 vera
765 1120 959 1183 Aristoxenus
982 1127 1011 1178 et
1030 1120 1226 1194 dicaearchus
1242 1121 1384 1180 certiores

226 1223 325 1281 tontes
348 1228 418 1280 sunt
430 1237 537 1295 neque
556 1221 596 1294 de
609 1222 677 1280 ¹vita
698 1221 878 1297 Pythagorae
902 1222 938 1280 de
961 1237 1019 1294 qna
1035 1221 1113 1283 nihil
1128 1237 1191 1286 ‘nos
1209 1222 1292 1288 scire
1313 1238 1384 1287 conv

229 1323 371 1382 litandum
388 1329 438 1382 est
460 1321 521 1379 nisi¹
540 1329 599 1380 ant·
612 1322 726 1382 fabulas
748 1320 887 1380 Herodoti
910 1321 971 1382 iam.
989 1330 1083 1381 aetate
1105 1338 1143 1381 ne
1166 1323 1262 1381 dicam
1272 1324 1385 1385 Aristo·

227 1424 301 1482 neni
319 1423 505 1496 pervolgatas
528 1431 578 1481 ant
600 1423 753 1488 doctorum
776 1439 882 1482 carisas
897 1434 994 1481 rernm
1007 1438 1165 1497 ,nexusque
1177 1425 1385 1497 »quaerentium

229 1525 426 1596 coniecturas,
454 1533 556 1599 neque
577 1525 614 1582 de
642 1525 781 1583 societate
804 1523 993 1597 Pytbagorica
1020 1526 1244 1599 praeceptisque
1267 1525 1385 1596 ethica,
1426 1511 1430 1516 Δ

228 1636 320 1698 aarum
344 1640 421 1699 qnae
442 1626 483 1683 illi
505 1631 624 1683 narrant
646 1624 808 1684 doctrinam
835 1625 964 1683 reserant
986 1624 1135 1689 socratica
1159 1626 1220 1686 iere
1239 1633 1388 1698 ternperav
1448 1624 1450 1635 '

228 1734 287 1784 tam
324 1757 366 1769 —-
401 1727 481 1798 quod
514 1727 559 1783 vel
597 1725 772 1799 Spinthcrns
796 1723 926 1792 ,Socratis
958 1727 1071 1784 amicus
1105 1726 1259 1799 ultimique
1287 1727 1387 1800 ipsius

185 1822 187 1825 ’
228 1826 368 1886 Graeciae
389 1825 562 1900 Pythagorei
585 1814 761 1893 narrationis
784 1825 994 1888 Aristoneneae
1017 1827 1113 1889 iontes
1129 1826 1258 1889 indicant
1271 1860 1323 1899 -—,
1340 1828 1387 1886 rel

228 1927 327 2000 potius
349 1926 486 2000 ipsorum
505 1927 620 1984 illorum
643 1927 790 1999 propriam
811 1933 901 2000 atque
920 1926 1072 1986 societatis
1094 1927 1251 2001 imaginem
1270 1930 1387 1998 adPia·

225 2027 342 2086 tonicae
358 2027 535 2100 reipublicae
551 2028 717 2100 exemplum
727 2026 870 2089 el'iietam:
891 2027 1044 2094 hocenim-
1056 2029 1151 2100 arguit
1161 2031 1207 2086 vel
1219 2019 1387 2097 Dicaearchi

193 2139 196 2142 ’
227 2127 302 2186 ratio
325 2129 469 2193 rhetorica
492 2128 699 2203 Pythagoricus
718 2131 883 2187 sententias
907 2128 1130 2202 perorationes
1154 2145 1227 2205 quas
1244 2147 1266 2192 a
1280 2130 1388 2204 Pytha

227 2245 299 2302 gora
331 2229 429 2288 ltaliae
463 2231 551 2294 modo
582 2231 697 2303 appulsi
731 2229 845 2299 habitas
878 2229 963 2304 tingit
994 2229 1197 2314 describentis
1249 2232 1285 2290 Et
1313 2232 1388 2293 illud

227 2345 347 2404 quoqne
376 2331 456 2404 quod
484 2324 665 2403 Peripatetici
695 2331 806 2388 Socrati
831 2331 1004 2404 Platoniqne
1034 2329 1144 2389 iriensi
1176 2331 1227 2402 (ci.
1252 2347 1326 2405 quas
1349 2333 1387 2399 de

157 2428 159 2433 '
227 2431 346 2489 Socrate
379 2430 500 2488 fabellas
528 2431 722 2490 Aristoxenus
751 2431 877 2495 libenter
909 2431 1028 2505 repetit)
1065 2430 1255 2505 Pythagorica
1284 2442 1386 2500 tamen
1433 2450 1434 2453 ¹

227 2547 333 2605 aeque¹
351 2546 385 2588 ac
412 2531 552 2591 Platonici
572 2532 810 2610 admirarentur,
843 2533 884 2589 ab
912 2532 1047 2606 ubisque
1077 2547 1116 2590 ea
1149 2533 1265 2594 diverso
1297 2535 1386 2604 medo

225 2633 378 2695 efformata
401 2648 477 2714 esse
492 2633 645 2706 significat.
689 2635 730 2692 ln
744 2632 1019 2707 quam-fabularum
1037 2633 1194 2697 historiam
1216 2633 1387 2708 Pythagori-

226 2749 329 2792 carum>
361 2749 436 2807 quae
470 2735 530 2792 lere
563 2735 650 2792 sedes
683 2743 752 2794 sunt
776 2742 812 2795 at
839 2735 1055 2808 receptaculum
1088 2735 1219 2793 omnium
1246 2750 1321 2806 quae
1345 2750 1386 2793 ex

227 2833 356 2919 Orientis
379 2835 514 2907 patefacti
538 2835 800 2908 superstitionibus
815 2836 1012 2911 in1Graeciam
1029 2835 1245 2908 migrarent-
1259 2835 1386 2910 idquod

226 2935 283 2994 iam
306 2935 343 2992 de
365 2935 468 3007 primis
488 2937 726 3010 certissimisque
749 2936 929 3010 Pythagorae
951 2937 1073 3013 placitis
1097 2937 1255 2998 ci-Herod.
1269 2934 1383 3007 2123.

225 3038 255 3107 4,
272 3034 312 3096 95
336 3034 492 3108 (01.4,15
515 3037 557 3094 de·
575 3037 704 3110 Aristeu)
726 3038 840 3095 Endon.
865 3053 911 3112 ap.
934 3037 1039 3111 Porph.
1064 3035 1084 3097 7
1107 3047 1136 3098 et
1158 3038 1296 3113 Porphyr.
1306 3055 1341 3097 vr.
1353 3039 1383 3096 P.

166 3120 168 3124 ⁸
227 3136 267 3198 te
291 3140 323 3210 (e
341 3133 550 3209 Dicaearcho‘i)
577 3147 613 3195 et
629 3145 708 3196 *nota
736 3137 784 3195 illa
806 3137 997 3211 Xenophanis
1019 3148 1048 3198 et
1069 3141 1188 3214 Emped.
1213 3139 1384 3212 fragmenta,

226 3255 267 3304 se.
283 3241 385 3319 trihus
408 3239 454 3298 his
477 3239 592 3296 animae
614 3239 839 3312 immortalitate,
861 3255 916 3313 per
930 3241 1054 3304 ,diversa
1075 3241 1245 3304 animalium
1260 3256 1385 3315 corpora
1460 3296 1462 3302 a

226 3343 391 3402 seeundum
423 3348 519 3401 certas
547 3340 686 3414 periodos
717 3339 891 3413 migratione
911 3349 948 3400 et
974 3344 1071 3402 carnis
1103 3343 1279 3406 abstinentia
1304 3349 1385 3401 arete

226 3444 302 3519 inter
325 3428 545 3523 secuniunctis
568 3440 708 3500 Herodoti
731 3441 899 3504 coniectura
916 3445 1073 3508 ,asserebat
1100 3477 1143 3487 -
1172 3447 1208 3504 ah
1232 3446 1384 3504 Herodoto

226 3545 264 3601 ad
285 3543 477 3617 Hermippum
492 3544 631 3617 ,indeque
654 3559 749 3616 nsque
772 3544 808 3600 ad
831 3542 990 3605 Antonium
1012 3542 1172 3623 Diogenem
1194 3546 1384 3620 Apollonium

227 3643 334 3718 laisum
360 3650 397 3699 -et
425 3643 632 3702 Philostratnm
666 3645 743 3702 inter
776 3645 900 3703 sontium
933 3647 1107 3707 ficticiorum
1137 3654 1301 3707 assertores
1328 3628 1382 3719 tet

226 3749 343 3817 praeter
368 3742 578 3801 tabulariorum
605 3745 801 3818 publicorum·
823 3745 890 3806 ficta
916 3748 1082 3808 testimonia
1110 3747 1256 3821 Apollonii
1283 3763 1328 3831 ap.
1354 3749 1381 3810 J.

226 3863 252 3902 v.
277 3845 305 3902 P.
330 3842 402 3901 262.
453 3843 557 3902 Sorani
584 3845 632 3903 vit.
661 3845 798 3919 Hippocr.
827 3862 852 3903 c.
875 3844 904 3917 1,
921 3843 954 3904 ³3.
988 3847 1094 3920 Abgari
1122 3855 1151 3904 et
1173 3846 1285 3907 utristi
1312 3864 1380 3923 epp.

226 3962 272 4018 ap.
296 3945 404 4002 Euseh.
427 3944 494 4003 hist.
520 3946 589 4002 eccl.
614 3943 643 4016 1,
660 3943 710 4004 13.
755 3946 863 4005 Hirami
888 3954 916 4005 et
939 3945 1105 4005 Salomonis
1120 3944 1378 4022 ap.'loseph.Ant.
1448 3966 1450 3971 ’

224 4047 282 4106 lud
296 4043 348 4118 82,
364 4043 386 4104 8
401 4053 456 4104 ote.
485 4045 612 4105 maxime
642 4049 678 4106 dc
705 4047 904 4110 monumentis
927 4048 956 4106 in
980 4047 1123 4121 sepulcris
1146 4047 1272 4110 inuentis
1295 4053 1377 4112 Suid.

227 4166 250 4208 s.
274 4148 444 4218 Acusilans,
472 4148 579 4225 Aulon.
603 4165 648 4223 ap.
673 4148 755 4206 Phot.
780 4164 804 4206 e.
822 4147 872 4221 94,
903 4148 1047 4225 Plutarch.
1072 4144 1322 4223 degenetur.
1346 4153 1378 4229 7,

225 4252 261 4313 de
271 4251 337 4321 ,sae
361 4251 421 4309 lun.
445 4247 496 4321 26,
516 4257 674 4322 ,praeterea
697 4250 873 4311 Enemcrum
896 4267 941 4324 ap.
965 4250 1038 4311 Plut
1062 4251 1098 4308 de
1115 4251 1156 4313 is.
1181 4250 1221 4327 23
1245 4255 1280 4312 cl.
1294 4254 1376 4326 Snirl.

224 4368 247 4406 s.
276 4343 412 4425 Alauna,
449 4352 614 4410 Dardanum
643 4358 696 4411 etc.
733 4359 761 4414 et
794 4352 850 4410 alia
878 4352 1127 4426 quamplurima)
1154 4355 1313 4425 *claros-et
1340 4359 1377 4414 ad
