2992 5032
657 347 717 410 tat

110 519 259 592 principiis
282 519 478 592 antiquorum.
524 521 566 577 lix
589 519 636 578 bis
658 527 755 577 autem
772 520 873 576 eadem
889 534 978 578 causa
993 534 1051 592 qua
1065 517 1131 578 libri
1144 508 1174 580 δ’
1187 509 1263 588 eta',
1280 584 1283 588 ,

108 636 166 680 non
195 628 241 679 est
267 620 415 693 genuinus
443 621 516 678 liber
536 610 570 697 μ’
600 621 667 679 licet
700 621 768 679 boni
802 622 929 679 auctoris
957 629 986 678 et
1011 629 1176 682 accuratam
1199 637 1263 694 gra-

107 737 234 796 vemque
260 738 397 781 sermone
425 723 511 796 plane
539 723 728 782 Aristotelico
751 722 930 781 instituentis
953 723 1189 795 disputationem,
1213 724 1262 795 qui

106 832 203 882 tamen
227 823 325 896 ipsum
337 824 502 883 Aristotelis
526 840 562 883 ex
584 825 658 884 libro
681 824 776 897 primo
789 825 825 881 de
838 823 968 881 idearum
980 823 1153 882 refutatione
1165 824 1262 882 locunt

104 925 249 998 integrum
272 927 382 1000 quique
404 919 501 1000 neque
524 927 571 983 bic
594 942 691 999 neque
714 926 772 984 illic
794 925 855 983 ullo
871 925 960 983 modo
972 931 1070 998 potest
1091 925 1184 983 omitti
1206 941 1262 983 nee

106 1028 143 1084 ab
157 1027 215 1085 alio
238 1027 296 1086 nisi
319 1028 385 1101 ipso
408 1028 473 1086 iibri
496 1035 615 1086 auctore
638 1027 735 1085 illatus
752 1036 805 1098 est,
828 1028 908 1085 bunc
930 1026 1003 1099 ipsis
1018 1025 1116 1084 verbis
1132 1025 1161 1082 in
1174 1042 1261 1083 usum

106 1142 194 1185 suum
217 1130 368 1189 convertit.
405 1109 509 1198 ‘Quum
533 1136 631 1188 autem
652 1135 769 1187 constet
784 1127 941 1202 scripsisse
956 1127 1142 1186 Aristotelem
1153 1128 1261 1185 librum

104 1231 252 1302 quendam
280 1231 386 1290 similis
418 1231 581 1305 argumenti
605 1243 664 1303 quo
690 1232 885 1305 redintegrata
914 1231 951 1287 de
972 1229 1105 1289 numeris
1127 1230 1261 1311 ideisque

105 1331 303 1404 disputatione
330 1333 516 1406 maximeque
543 1333 753 1407 principiorum
780 1331 984 1390 contrarietate
1010 1332 1118 1391 reiecta
1145 1340 1173 1390 et
1195 1333 1261 1405 plu·

103 1433 224 1504 ralitate,
253 1451 269 1491 a
292 1449 350 1507 qua
373 1434 473 1508 incipit
496 1437 515 1493 l.
539 1425 565 1493 ν’
594 1451 742 1509 quamque
768 1441 922 1508 praeparat
948 1434 1013 1492 libri
1038 1423 1061 1493 ι’
1089 1435 1125 1492 de
1149 1449 1208 1491 uno
1232 1442 1260 1492 et

103 1535 249 1592 contrario
272 1535 440 1610 disputatio,
468 1552 556 1595 orune
578 1537 841 1611 Metaphysieorum
870 1551 945 1608 opus
968 1535 1053 1608 quasi
1076 1536 1260 1596 coronaverit

102 1636 154 1706 (ct.
172 1634 201 1706 6,
217 1635 247 1694 2.
265 1635 294 1708 6,
311 1636 361 1696 11.
378 1636 408 1710 7,
425 1637 470 1712 1),
494 1655 584 1713 quum
608 1654 696 1711 porro
719 1637 787 1708 libri
807 1626 842 1713 μ’
865 1644 894 1695 et
908 1626 935 1695 ν’
958 1636 1089 1695 inter-se
1101 1638 1258 1696 manifesto
1358 1625 1360 1627 ’

64 1768 65 1773 1
102 1737 188 1796 alieni
211 1738 290 1796 idern
312 1742 369 1798 boc
392 1748 744 1814 uterqueargumentum
766 1745 899 1808 tractent,
917 1739 1047 1796 *alterum
1061 1754 1131 1796 vero
1147 1738 1259 1799 Aristo·

101 1839 167 1900 telis
183 1854 258 1898 *esse
277 1850 511 1901 consentaneum
534 1842 582 1915 sit,
605 1857 665 1899 uon
689 1841 790 1900 dubito
813 1841 963 1913 praeferre
982 1840 1090 1902 librum
1112 1831 1138 1899 ν’>
1162 1857 1257 1915 eoque

100 1941 207 1999 librum
230 1957 341 2001 nonum
354 1945 534 2017 continuare,
558 1950 679 2003 externo
692 1943 742 2002 illo
754 1950 926 2016 argumento
939 1942 1048 2016 quippe
1060 1945 1140 2015 quod
1152 1943 1257 2002 rationi

99 2056 264 2116 congruum
288 2043 444 2119 sitneque
473 2047 657 2119 intempore
681 2043 842 2116 ordineque
864 2044 1007 2102 librorum
1031 2060 1047 2101 e
1069 2044 1256 2104 citationibus

100 2143 267 2203 definiendo
289 2161 386 2220 neque
399 2147 429 2204 in
452 2147 622 2205 auctoritate
634 2144 790 2202 iudicanda
805 2145 952 2202 contidere
964 2145 1084 2203 veritus.
1107 2147 1179 2203 Novi
1191 2147 1257 2205 iibri

99 2244 219 2303 initium·
243 2253 275 2304 ut
296 2246 352 2305 ianr
381 2255 497 2307 veteres
524 2247 643 2321 quidam
661 2247 797 2304 uoluere
819 2244 908 2317 (Bou.
931 2261 959 2317 p.
976 2243 1054 2313 565)
1078 2261 1147 2304 esse
1168 2236 1213 2324 μ’,
1236 2246 1256 2306 9

97 2363 125 2419 p.
143 2328 237 2419 1086,
253 2345 293 2406 21
317 2350 397 2407 nulla
425 2358 471 2408 est
493 2347 644 2407 dubitatio.
689 2346 873 2419 Quamquam
901 2360 970 2402 vero
993 2345 1058 2405 iibri
1079 2367 1104 2424 μ
1126 2349 1256 2407 clausula

98 2448 222 2520 amplior
255 2449 363 2507 omnis¹
387 2451 422 2508 de
456 2450 589 2509 numeris
622 2449 707 2521 (item
735 2443 1062 2521 66166612,5611.)
1096 2450 1255 2524 disputatio

97 2557 244 2624 tamquam
269 2565 483 2623 supervacanea
506 2551 645 2622 relicitur,
668 2557 765 2608 tamen
788 2565 858 2607 vero
882 2549 964 2608 initio
981 2551 1029 2608 illo
1045 2551 1110 2610 libri
1127 2550 1168 2612 13
1183 2555 1256 2612 haec

62 2646 64 2649 ’
97 2653 200 2709 eadem
230 2652 364 2724 quaestio
384 2653 504 2712 ¹iisdem
531 2654 591 2711 lere
617 2652 715 2711 vorbis
743 2650 918 2725 quibus12,
935 2650 953 2710 l
982 2659 1011 2709 at
1037 2654 1141 2711 eodem
1169 2655 1255 2729 plane

98 2754 223 2811 consilio
246 2752 374 2811 indicato
397 2760 545 2827 tamquam
568 2769 643 2811 nora
664 2767 720 2812 nee
740 2753 905 2810 accuratius
921 2761 1004 2812 antea
1021 2760 1140 2812 tractata
1156 2755 1254 2811 denuo

97 2854 267 2925 instituitur,
291 2853 330 2912 ita
353 2855 472 2926 quidem
495 2862 528 2912 ut
549 2856 652 2913 eadem
675 2854 762 2912 etiam
785 2855 916 2913 clausula
928 2856 1018 2937 multa
1033 2863 1184 2928 praeterea
1199 2856 1254 2914 alia

96 2956 133 3014 de
159 2953 370 3014 mathematicis
405 2955 461 3012 dici
495 2971 585 3028 posse
600 2971 687 3029 quae
713 2972 755 3014 se.
779 2970 997 3030 supervacanea
1020 2956 1079 3016 sint
1101 2966 1253 3016 asserente

96 3057 184 3114 altera
208 3056 279 3115 baec
302 3057 339 3114 de
361 3055 519 3114 Platonicis
542 3057 700 3131 disputatio
723 3058 839 3131 etipsa
860 3057 1037 3131 perficiatur.
1076 3059 1159 3118 Falsa
1175 3060 1253 3117 enirn

97 3165 142 3215 est
168 3157 286 3231 Ephesii
310 3156 465 3216 subtilitas
485 3160 588 3232 (quam
615 3161 718 3220 Bonita
752 3175 871 3234 quoque
905 3162 980 3219 male
1014 3168 1113 3219 tuetur
1140 3160 1251 3220 Comm.
1280 3178 1281 3181 ¹

95 3275 123 3331 p.
141 3255 278 3331 bbbsq.)
306 3259 336 3317 iu
363 3260 469 3318 borum
492 3261 633 3320 librorum
667 3262 830 3320 differentia
857 3261 1037 3332 delinienda,
1072 3258 1168 3334 quum
1193 3278 1252 3318 non

96 3359 172 3416 dicat
199 3366 302 3417 auctor
329 3360 393 3419 libri
417 3350 443 3419 ν’
472 3378 505 3421 se
531 3378 592 3421 non
618 3363 676 3422 iam
705 3364 741 3421 de
768 3363 843 3420 ideis
871 3370 1019 3434 tamquam
1047 3375 1145 3417 rerum
1172 3361 1253 3432 prin·

94 3460 179 3532 cipiia
202 3461 255 3516 sed
279 3462 316 3517 de
337 3462 490 3536 principiis
512 3465 644 3522 idearum
668 3479 748 3521 nunc
765 3462 976 3535 expositurum,
1000 3461 1090 3518 immo
1102 3460 1133 3518 in
1145 3475 1253 3534 propo·

94 3560 193 3616 nenda
226 3560 398 3631 quaestione
420 3593 462 3607 —-
490 3572 518 3620 et
544 3566 616 3622 haee
645 3565 713 3623 sola
745 3580 799 3638 pro
833 3563 891 3622 tine
924 3562 991 3621 libri
1019 3561 1194 3636 proponitur
1216 3563 1251 3619 cl.
1354 3592 1358 3597 -

95 3656 190 3731 1086,
207 3657 249 3718 24
272 3651 336 3722 ὅσα
359 3656 398 3723 δὲ
419 3670 474 3721 etc.
497 3697 538 3705 —
551 3665 658 3724 *sintne
680 3665 883 3725 mathematica
905 3664 1055 3740 principia·
1070 3673 1099 3723 et
1126 3664 1165 3722 ita
1187 3663 1253 3737 qui-

93 3761 160 3819 dem
183 3762 335 3823 refutanda
358 3771 472 3822 utnon
495 3774 575 3824 recte
597 3782 631 3824 ea
655 3769 741 3827 statui
763 3769 932 3842 primasque
955 3765 1136 3826 substantias
1152 3766 1251 3824 baberi

93 3878 128 3920 ex
152 3862 217 3936 ipsa
239 3880 341 3924 eorum
364 3873 470 3926 natura
493 3867 719 3943 demonstretur,
748 3885 807 3928 non
830 3869 886 3927 nisi
910 3870 1039 3944 tangitur
1061 3864 1172 3942 (1086,
1195 3864 1252 3939 28)

92 3964 247 4023 dilicultas
271 3966 318 4024 illa
343 3984 419 4041 quaa
442 3985 477 4027 cx
501 3969 566 4043 ipsa
580 3973 905 4031 *numerorumnatura
928 3973 1055 4030 sumitur
1076 3970 1252 4042 additurque

93 4066 149 4139 ipsi
172 4068 396 4140 placitoquasi.
411 4072 548 4131 accidens
575 4074 655 4147 quod
678 4089 714 4132 ex
736 4074 802 4146 ipso
825 4071 1034 4146 principiorum
1056 4071 1177 4130 nomine
1199 4085 1252 4128 ne-

92 4168 222 4225 cessario
245 4177 395 4242 sequatur.
440 4175 514 4233 lllud
537 4175 625 4249 igitur
647 4177 726 4249 quod
750 4174 913 4232 secundum
935 4173 1102 4232 Platonicos
1118 4172 1250 4229 idearum

91 4274 120 4325 et
142 4266 332 4327 numerorum
356 4273 500 4334 elementa
523 4277 582 4336 sint
603 4293 703 4335 rerum
726 4278 879 4348 elementa,
902 4291 961 4333 non
978 4276 1040 4347 ipsa
1056 4281 1103 4332 est
1116 4272 1250 4346 quaestio

90 4368 144 4425 sed
168 4362 305 4428 accidens
328 4375 510 4444 quaestionis
533 4379 649 4453 taleque
661 4378 846 4452 proponitur
857 4384 885 4435 et
897 4378 961 4434 solo
974 4391 998 4432 c.
1011 4375 1031 4432 2
1043 4375 1095 4441 (ci.
1110 4390 1135 4432 c.
1151 4371 1169 4431 5
1182 4373 1249 4445 tin.)
