3160 5222
722 436 740 501 λ

156 598 284 670 ribubus,
307 600 449 666 iudicium
471 602 640 678 vituperans
664 607 804 666 concedat
826 609 878 686 (cf.
903 610 999 675 locum
1024 609 1150 678 nrauhne
1170 625 1314 673 memora-

153 701 242 763 bilem
259 704 295 759 de
311 703 508 778 Aristophane
526 705 618 774 libros
636 720 672 764 cx
685 708 851 774 coniectura
864 709 1042 772 inscribente
1055 711 1151 770 Schol.
1165 711 1311 785 Aristoph.

153 802 227 866 liuh.
249 802 338 876 967).
393 805 647 869 Necessitudinem
681 808 827 883 quandam
860 810 937 870 iuter
969 819 1141 884 argumenta
1171 812 1313 871 librorum

148 903 376 978 'doctrinamque
408 904 564 980 utriusque
595 907 740 969 medicam
768 916 797 968 et
823 910 1053 989 physiologicam
1081 914 1312 982 intercedentem

153 1005 267 1069 fabulae
283 1003 457 1078 significant
479 1007 516 1064 de
538 1005 695 1090 Democriti
718 1015 748 1068 et
770 1009 954 1088 Hippocratis
976 1012 1168 1074 familiaritate
1188 1021 1217 1072 ct
1231 1028 1311 1072 com·

152 1105 263 1170 mercia
296 1105 496 1180 epistolaeque
528 1105 595 1168 illoc
627 1109 720 1176 multo
752 1125 841 1190 quam
867 1111 990 1178 Mullach
1013 1120 1096 1187 putat
1117 1114 1309 1191 antiquiores,

151 1205 285 1270 eiusdem
312 1205 424 1266 scilicet
451 1209 554 1270 aetatis
581 1228 656 1290 qqae
684 1218 781 1272 cetera
809 1210 897 1270 etiarn
919 1213 1103 1290 Pythagorae
1123 1213 1307 1296 lllppoeratis

149 1304 305 1364 Democriti
328 1307 401 1384 falsa
416 1308 490 1380 tulit,
515 1312 604 1376 etiam
618 1327 756 1382 sermione
771 1319 891 1396 praeter.
903 1314 1060 1380 verborum
1075 1331 1164 1392 usum
1176 1315 1227 1389 (cf.
1240 1329 1265 1372 e.
1279 1328 1306 1386 g.

148 1405 233 1470 vocis,
250 1403 385 1488 σκῆνος)
417 1408 544 1472 similem
567 1414 715 1486 quandam
737 1412 867 1500 speciem
891 1415 1081 1490 symbolicam
1103 1413 1307 1489 poeticamque

148 1505 291 1586 referente
318 1508 369 1580 (ef.
395 1510 488 1594 llipp.
505 1514 551 1572 ed.
575 1515 662 1576 lldhn
684 1516 715 1572 T.
732 1514 777 1572 ill.
801 1531 829 1588 p.
846 1512 910 1576 823
937 1517 1091 1598 epistolam
1119 1516 1200 1576 Dem.
1228 1505 1307 1596 περὶ

145 1596 269 1687 φύσιος
290 1595 489 1690 ἀνθρώπου,
516 1614 566 1686 qui
589 1615 654 1688 ipse
677 1617 803 1674 fortasse
824 1615 873 1674 ille
896 1617 970 1676 liber
992 1624 1037 1675 est
1059 1631 1148 1692 quern
1170 1621 1306 1698 recenset

146 1709 325 1782 Thrasyllus
339 1727 386 1773 ,ex
408 1714 494 1779 cuius
516 1714 613 1780 indice
636 1716 692 1774 alia
715 1731 833 1790 quoque
849 1711 1301 1802 commemor·anturci.p.814).

145 1809 300 1868 Doctrinae
327 1827 399 1872 vero
425 1814 505 1875 illam
532 1814 753 1879 similitudinem
781 1825 813 1879 ut
839 1818 875 1876 ad
903 1817 967 1890 ipsa
994 1817 1123 1898 genuina
1148 1812 1304 1899 Democriti

145 1909 253 1986 scripta
281 1911 366 1984 cuius
393 1929 469 1990 quae
495 1917 659 1979 secuudum
684 1916 870 1979 Aristotelem
898 1919 935 1986 de
962 1916 1150 1996 generatione
1177 1915 1303 1994 maxime

146 2014 266 2074 uberius
290 2014 448 2089 disputavit
470 2032 536 2082 eum
560 2017 762 2092 llippocrateis
784 2020 845 2078 fere
867 2019 1038 2101 concinunt
1059 2018 1098 2088 ita
1120 2017 1157 2076 ad
1174 2021 1303 2080 ea-ut

144 2115 270 2179 maxime
288 2116 453 2178 medica-
465 2117 561 2179 refero
579 2134 655 2190 quac
671 2121 775 2180 eodem
792 2120 852 2178 fere
865 2127 996 2194 ternpore
1009 2134 1096 2192 quarn
1108 2117 1180 2176 falsa
1192 2117 1301 2196 Hippos

144 2216 233 2274 cratis
256 2215 319 2276 sive
341 2232 358 2274 a
381 2217 572 2282 Democriteis
595 2219 801 2294 Abderitisque
823 2221 920 2294 (Diog.
937 2221 968 2278 h.
986 2219 1015 2292 9,
1032 2217 1082 2278 58.
1099 2219 1129 2290 4,
1146 2215 1196 2277 58.
1220 2219 1256 2276 cl.
1269 2215 1299 2288 9,

145 2313 202 2386 673
226 2313 275 2374 tta.
300 2314 680 2390 dicaearchiam)
708 2320 771 2378 sive
797 2320 862 2381 aliis
884 2321 1098 2378 Alexandrinae
1125 2318 1210 2377 aetati
1232 2332 1300 2396 pro-

144 2416 276 2488 pioribus
304 2415 381 2474 edita
407 2414 657 2480 Democriteorum
685 2419 827 2478 librorum
850 2418 1015 2478 collectioni
1038 2417 1298 2490 coniungebantur.

144 2517 216 2579 Nam
237 2517 264 2576 si
287 2531 322 2577 ex
344 2515 501 2575 Aristotele
524 2526 553 2576 et
571 2519 774 2590 ,Theophrasto
790 2518 1003 2600 antiquissimis
1018 2518 1143 2576 testibus
1158 2517 1299 2578 iudicium

144 2618 274 2691 feriatus,
297 2624 330 2674 ut
344 2632 404 2677 uno
420 2624 499 2678 certe
513 2619 614 2691 plures
630 2619 771 2691 (Aristoni.
784 2637 829 2694 ap.
847 2621 879 2678 D.
892 2620 923 2678 L.
937 2618 967 2690 a,
979 2618 1030 2678 40.
1047 2619 1083 2678 cf.
1096 2634 1227 2692 prooem.
1241 2616 1298 2690 tlt)
1391 2607 1394 2616 '

143 2720 181 2778 ita
214 2734 325 2792 paucus
361 2725 474 2778 tantum
508 2719 598 2777 libros
632 2720 696 2794 ipsc
730 2721 913 2780 Democritus
945 2719 1036 2778 edidit
1067 2737 1191 2794 qnorum
1225 2721 1298 2795 phy-

142 2821 237 2880 sicuru
259 2827 464 2894 argumentum
492 2827 522 2878 et
542 2820 681 2884 universa
708 2823 833 2895 quadam
860 2819 1083 2894 cosmographia
1106 2809 1314 2892 comprehen-'

142 2937 222 2994 suum
246 2928 347 2978 centra
368 2921 418 2994 qui
441 2937 458 2978 a
479 2920 607 2995 posteris
629 2923 708 2980 velut
730 2922 884 2981 Plutarcho
907 2920 1033 2978 rtraxime
1048 2921 1297 2996 legebanturlihri

142 3023 270 3084 morales
297 3021 445 3080 Aristoteli
477 3021 603 3094 ignorati
637 3030 754 3096 tempus
787 3020 966 3083 Platonicum
1001 3023 1063 3080 sive
1090 3023 1296 3081 Aristoteleum

142 3123 260 3198 sapiunt
281 3123 344 3197 ipsa
367 3123 540 3196 placitorum
563 3123 697 3181 libertate
719 3124 845 3199 quadam
868 3130 897 3181 et
919 3123 1046 3182 novitate
1068 3141 1085 3182 a
1108 3131 1223 3183 vetusto
1246 3124 1296 3181 illo

107 3239 110 3246 ’
142 3233 274 3298 teutpore
301 3226 397 3284 alieni.
437 3225 524 3283 luter
551 3209 742 3297 Theophrasti
770 3241 888 3298 qnoque
916 3216 1226 3284 librosreccnsentur
1252 3226 1295 3284 hi:

141 3322 227 3410 Περὶ
247 3326 305 3410 τῆς
320 3319 530 3410 Δημοκρίτου
545 3315 765 3406 ἀστρολογίας
776 3313 817 3414 α’,
842 3318 990 3406 περὶτῆς
1004 3317 1297 3408 μεταρσιολεσχίας

141 3420 185 3502 α’,
208 3423 288 3512 περὶ,
307 3427 373 3490 τῶν
402 3419 549 3490 εἰδώλων
570 3414 611 3502 α’,
634 3421 712 3507 περὶ
730 3423 842 3504 χυμῶν
865 3423 973 3509 χροῶν
1002 3423 1131 3506 σαρκῶν
1153 3417 1195 3498 α’,
1219 3419 1297 3506 περὶ

140 3522 398 3608 caduceatoren
410 3520 452 3602 α’,
470 3523 627 3610 περὶτῶν
643 3519 835 3609 ἀνθρώπων
851 3517 893 3596 α’,
912 3528 949 3582 ad
961 3525 1117 3609 Democriti
1134 3525 1295 3582 doctrinam
1346 3595 1350 3605 Ι

142 3633 313 3704 etquidem
336 3631 487 3704 physicam
509 3630 603 3686 solam
626 3629 825 3700 explicandam
849 3639 953 3680 amires
976 3629 1007 3680 ut
1028 3621 1092 3695 ipsa
1108 3623 1297 3684 iudicisratio

141 3731 288 3806 alphabeti
317 3731 427 3788 litteras
455 3728 608 3811 sequentis
636 3729 817 3790 demonstrat
844 3723 1035 3798 pertinentes
1080 3724 1179 3800 ltaque
1206 3743 1295 3800 quum

141 3833 197 3900 alia
220 3847 306 3906 quarn
330 3829 456 3904 plurima
483 3842 558 3901 quae
586 3827 615 3886 in
642 3828 739 3886 iudice
766 3826 909 3901 Thrasylli
931 3826 1088 3896 habentur,
1118 3829 1196 3890 velut
1218 3831 1296 3902 qnod

141 3933 339 3994 certissimum
372 3938 418 3990 est
440 3930 537 3992 omnis
559 3930 647 3988 huius
674 3930 786 4004 antiqui
812 3928 953 4002 temporis
980 3927 1128 3988 scribendi
1155 3937 1247 4008 artem
1269 3939 1298 3988 et

143 4035 322 4110 diligentiam
350 4031 493 4106 spectanti
525 4031 650 4104 simplici
679 4033 803 4104 quadarn
830 4030 973 4104 elegantia
1000 4036 1029 4088 ct
1055 4031 1170 4102 poetico
1198 4032 1296 4090 colore

142 4136 290 4212 insignem
316 4136 356 4194 ita
382 4142 414 4191 nt
440 4134 517 4192 sicut
543 4133 733 4208 Hippocrates
763 4133 944 4190 Democritus
974 4132 1017 4188 rel
1044 4132 1155 4190 Platoni
1179 4145 1296 4216 compa-

144 4246 224 4302 ratus
252 4252 383 4298 summas
411 4235 481 4294 honi
509 4233 661 4308 scriptoris
688 4237 766 4308 apud
793 4242 907 4294 veteres
935 4235 1045 4295 iudices
1073 4233 1174 4292 laudes
1201 4230 1297 4289 tulerit

143 4339 372 4412 fragmentorum
388 4353 525 4396 sermone
541 4335 736 4408 confirmatus,
752 4336 817 4397 libri
835 4317 939 4398 ornnes
951 4335 991 4392 illi
1007 4324 1151 4406 „uicini”
1167 4329 1297 4404 inscripti

143 4454 220 4512 quae
251 4439 369 4498 fuerunt
395 4427 580 4503 ἀσύντακτα
608 4423 822 4512 problematum
853 4435 1074 4520 collectionibus
1102 4430 1297 4508 peripateticis
