3228 5228
727 438 770 501 97

167 609 268 670 scribit
295 610 392 682 ipsum
422 609 471 684 qni
500 611 576 683 apud
606 609 764 684 Diogenem
792 619 836 670 est
860 611 1002 683 Dioclem,
1033 627 1123 686 quum
1152 624 1181 675 ct
1207 617 1325 675 alteram

168 713 244 770 illam
268 711 370 768 muudi
394 710 593 770 delinitiauem
616 712 706 785 priori
730 727 834 772 nexam
858 717 935 789 apud
959 717 990 772 h.
1004 717 1036 774 1,.
1060 733 1222 791 00001000
1239 719 1326 776 hahet

168 815 185 872 1.
210 815 247 874 00
275 813 387 871 mundo
420 813 599 871 verbotenus
627 821 739 888 repetat
766 829 803 871 ex
829 815 988 874 Posidonio
1022 818 1086 876 sine
1120 820 1209 878 dubio
1233 836 1327 894 aeque
1442 883 1449 901 ,

168 923 304 986 sumtum,
329 922 358 973 et
380 903 556 996 ἀστραπῆς
579 929 697 987 quoque
720 931 807 987 quant
832 931 868 973 ax
890 919 1008 976 Zenone
1032 918 1118 977 infert
1140 921 1230 979 hiocl.
1249 922 1280 979 h.
1294 924 1325 980 L.

168 1013 278 1089 7,153
301 1024 329 1075 01
351 1012 490 1097 βροντῆς
513 1016 666 1089 explicatio
694 1017 729 1073 aa
756 1018 874 1074 verbum
903 1019 1005 1076 eadem
1034 1019 1072 1078 sit
1094 1029 1170 1094 quae
1192 1039 1237 1095 ap.
1262 1026 1328 1082 Sto-

103 1169 106 1176 .
169 1119 290 1190 haeum,
319 1119 377 1177 nisi
399 1117 479 1190 quod
502 1100 630 1176 Zenonis
658 1115 707 1174 iila
730 1117 826 1176 citatio
850 1119 961 1180 omissa
983 1129 1037 1178 cst.
1084 1121 1169 1190 Quod
1197 1139 1267 1182 vero
1291 1127 1327 1182 ad

168 1219 262 1294 ipsam
285 1219 412 1293 denique
434 1227 551 1289 terram,
575 1219 685 1276 multus
708 1226 754 1277 cst
775 1225 878 1276 auctor
900 1221 936 1277 dc
959 1221 1123 1280 maudein
1145 1224 1235 1282 rebus
1258 1241 1328 1299 geo·

93 1361 97 1369 -
170 1321 315 1395 graphicis
339 1321 391 1394 (1.
415 1319 565 1380 Posidonii
584 1318 692 1376 librum
716 1312 794 1398 περὶ
805 1308 953 1382 ὠκεανοῦ
969 1338 1106 1398 magnum
1119 1324 1219 1398 itidem
1232 1328 1328 1385 iocum

170 1422 373 1496 geographicis
397 1422 608 1484 concedentem
632 1428 707 1479 teste
731 1422 874 1480 Strabone
892 1421 922 1495 1,
941 1420 1013 1482 149.
1030 1421 1091 1484 155
1107 1426 1144 1483 01.
1162 1424 1191 1498 l,
1203 1425 1239 1500 8)
1261 1441 1330 1500 pro·

169 1541 278 1584 vocans
302 1523 366 1598 ipse
390 1513 525 1593 0000ος
546 1508 584 1581 εὖ
606 1515 909 1607 γεωγραφήσαντας
919 1521 1006 1584 3901]
1019 1525 1070 1598 22,
1095 1528 1329 1602 quosueipsrmt

170 1627 268 1701 potius
290 1627 514 1685 Eratosthenem
537 1633 570 1684 ut
592 1627 685 1698 primo
709 1627 812 1684 ohtutu
835 1627 930 1700 placet
945 1643 1032 1699 quam
1049 1628 1228 1702 antiquiores
1250 1631 1331 1688 velut

171 1729 381 1787 Dicaearchum
409 1727 471 1784 sive
500 1726 657 1785 historicos
679 1727 828 1786 Timacum
853 1729 1000 1801 Ephorum
1030 1730 1104 1788 alios
1132 1730 1329 1804 intelligamus

172 1831 222 1903 (ci.
245 1831 331 1890 etiam
354 1829 440 1887 Arist.
466 1823 696 1899 1110100125),
731 1835 828 1886 votare
861 1829 975 1888 videtur
1001 1832 1064 1904 ipsa
1093 1849 1180 1906 quam
1209 1849 1245 1888 ex
1274 1832 1331 1891 illis

170 1934 261 1992 sumit
294 1939 395 1992 auctor
422 1933 458 1988 de
484 1938 580 1989 terrae
608 1929 752 1988 habitatae
780 1930 963 2003 longitudine
992 1936 1031 2006 (c.
1056 1931 1163 1994 70000
1185 1935 1276 2006 stad.)
1304 1942 1333 1994 et

171 2033 323 2094 latitudine
351 2033 460 2105 (paene
482 2029 604 2103 40000)
632 2045 779 2089 mensura.
828 2031 1036 2094 Eratosthenes
1069 2036 1146 2094 enim
1174 2042 1329 2109 postquam

171 2137 273 2194 multis
293 2134 426 2208 probavit
449 2141 545 2192 terrae
568 2133 713 2192 habitatae
736 2132 949 2206 longitudinem
973 2137 1141 2196 necessario
1158 2137 1225 2208 plus
1244 2151 1332 2208 quarn

156 2239 260 2310 ‘duplo
288 2236 440 2294 latitudine
470 2249 538 2300 essa
566 2233 721 2306 maiorem,
751 2233 864 2306 inquo
887 2236 1005 2309 plurimi
1033 2253 1099 2294 eum
1123 2245 1152 2296 et
1173 2236 1331 2310 geographi

171 2340 265 2398 secuti
288 2345 357 2397 sunt
379 2345 408 2397 et
430 2337 477 2396 alii
494 2341 636 2405 ‚auctores
660 2333 1010 2411 (800601,101.102),
1034 2354 1126 2412 quum
1147 2337 1331 2396 latitudinem
1356 2367 1358 2372 ·
1428 2371 1435 2386 ·

173 2442 282 2501 diceret
309 2440 435 2498 stadium
464 2433 571 2497 38000
593 2436 666 2506 (Str.
685 2435 714 2508 1,
731 2435 803 2509 99),
838 2438 1014 2512 longitudini
1041 2440 1099 2498 iam
1126 2446 1212 2498 antea
1237 2445 1270 2496 ut
1297 2453 1333 2496 ex

59 2614 63 2624 Ι
173 2541 329 2602 Strabonis
359 2523 457 2598 verbis
490 2537 650 2596 verisimile
682 2545 727 2596 est
760 2547 893 2612 receptae
927 2541 1053 2599 stadium
1081 2538 1188 2601 70000
1215 2542 1274 2613 (sci
1296 2523 1360 2600 ab'

173 2645 250 2703 ostio
274 2642 413 2716 (tangens
443 2655 538 2714 usquc
566 2640 602 2696 ad
630 2641 782 2699 columnas
804 2642 953 2715 HerculiS,
985 2643 1149 2702 accuratius
1164 2659 1232 2708 :sea
1256 2644 1331 2702 Erat.

174 2747 302 2804 stadium
325 2741 432 2804 70800
455 2745 490 2801 01.
515 2742 571 2800 Str.
588 2740 618 2813 1,
635 2739 713 2815 101)
740 2744 865 2815 addidit,
892 2744 922 2802 in
946 2746 1000 2802 bac
1026 2760 1059 2802 re
1081 2761 1098 2802 a
1122 2745 1264 2802 Strabone
1287 2759 1333 2801 re-

173 2849 349 2921 prehensus,
372 2847 506 2918 Europae
530 2849 611 2900 extra
634 2845 786 2902 columnas
802 2845 968 2903 incurvatae
983 2842 1077 2917 3000,
1101 2843 1248 2918 utrimque
1264 2859 1333 2903 varo

175 2951 297 3022 insuper
319 2965 354 3006 cx
379 2948 548 3005 coniectura
570 2942 656 3004 2000
679 2947 763 3018 stad,
787 2947 825 3004 ita
849 2953 881 3004 ut
903 2945 1000 3005 omnis
1023 2946 1062 3004 sit
1083 2947 1238 3022 longitudo
1258 2946 1333 3004 stad.

174 3049 282 3112 77800
305 3051 377 3122 (Str.
395 3045 595 3120 1.,101--2).
649 3045 730 3114 Quos
764 3063 905 3106 numeros
939 3047 979 3105 ita
1008 3049 1126 3122 reliquit
1150 3048 1335 3122 Hipparchus

175 3162 207 3214 ut
224 3147 444 3227 'longitudinem
472 3148 581 3206 diceret
604 3146 710 3209 70000
738 3151 823 3222 stad,
852 3149 1035 3208 latitudinem
1065 3148 1172 3211 30000
1195 3158 1231 3210 st.
1262 3151 1333 3223 (Str.

176 3256 206 3328 1,
224 3251 382 3316 179-84.
407 3247 638 3322 01100167),
667 3251 882 3325 posterioribus
905 3252 1055 3325 plerisque
1077 3253 1243 3326 Hipparcho
1266 3267 1336 3309 con-

177 3357 373 3418 sentientibus
390 3353 441 3426 (cf.
456 3353 559 3412 Strabo
573 3351 602 3424 1.,
616 3349 687 3412 184.
704 3351 989 3426 Agatlreurer.2,1).
1024 3355 1201 3413 Posidonius
1218 3367 1336 3426 quoque
1435 3409 1439 3418 ,

177 3459 295 3532 longam
325 3456 393 3514 iecit
421 3462 527 3514 terram
555 3451 661 3515 70000
685 3463 720 3512 st.
744 3452 885 3526 (1.,162)
920 3455 997 3513 sicut
1022 3457 1155 3530 plerique
1184 3452 1334 3527 (1,167).

176 3559 381 3618 Artemidorus
405 3556 533 3629 denique
556 3557 702 3629 Ephesius
726 3557 880 3631 hypothesi
909 3557 957 3614 illa
980 3556 1079 3614 relicta
1101 3558 1156 3615 hos
1180 3556 1259 3616 dedit
1281 3571 1336 3614 nu·

178 3675 278 3719 meros
301 3655 426 3720 395202
441 3655 547 3717 68544
570 3659 648 3730 (sive
665 3657 722 3714 alio
734 3657 838 3716 itinere
850 3655 964 3728 71560,
989 3658 1154 3731 additisque
1177 3658 1336 3717 aGadibus

179 3778 276 3836 usque
299 3763 334 3820 ad
358 3777 451 3836 prom.
477 3775 593 3818 sacrum
616 3756 701 3818 3928
724 3768 770 3832 st,
794 3756 900 3821 72472
924 3760 985 3818 sive
1008 3757 1141 3832 75488),
1164 3767 1336 3834 postquem

180 3865 311 3924 isidorus
330 3863 517 3922 Characenus
533 3857 640 3921 45920
652 3877 659 3919 :
673 3859 779 3921 78544
795 3864 883 3935 (Ρ110.
897 3861 1026 3936 2,112).
1065 3863 1135 3922 lnde
1151 3863 1208 3920 iam
1223 3868 1339 3920 constat

180 3983 240 4026 000
263 3967 360 4025 solum
384 3974 451 4024 ante
474 3965 683 4039 Hipparchum,
707 3966 786 4036 quod
810 3947 1007 4024 certissimum
1023 3973 1077 4037 est,
1101 3965 1256 4023 sedetiam
1272 3971 1339 4021 ante

180 4070 403 4128 Eratosthenem
437 4066 548 4124 vixisse
574 4065 798 4139 Peripateticum
830 4066 912 4124 illum
946 4067 996 4141 qui
1031 4068 1137 4124 librum
1165 4068 1202 4124 de
1229 4066 1339 4124 mundo

181 4169 357 4243 composuit.
402 4168 553 4226 Accedunt
574 4167 639 4224 alia.
686 4167 824 4240 Sequitur
851 4177 953 4227 auctor
978 4170 1081 4228 falsam
1109 4169 1243 4227 clitarchi
1267 4167 1338 4239 (Str.

181 4271 211 4343 2,
228 4267 300 4331 398.
325 4271 361 4327 ci.
385 4268 458 4327 Plio.
476 4266 579 4342 6,15)
604 4269 786 4342 opinionem,
816 4285 852 4327 ex
875 4287 932 4343 qua
956 4272 1067 4330 amari
1090 4270 1234 4346 Hyrcania
1257 4285 1341 4329 aaa·

182 4363 360 4444 νώτατος
387 4363 512 4448 ἰσθμὸς
539 4362 586 4444 εἰς
607 4363 666 4432 τὸν
689 4359 813 4431 πόντον
834 4362 945 4454 διήκει
960 4369 1047 4432 3931)
1070 4370 1126 4433 250
1161 4372 1249 4431 buius
1271 4383 1341 4428 vero

183 4475 282 4534 isthmi
311 4475 434 4534 latitudo
461 4475 643 4536 Eratostheni
673 4475 729 4532 iam
758 4482 803 4532 est
831 4472 916 4533 1000
939 4482 974 4532 st.
1004 4475 1075 4544 (Str.
1093 4474 1122 4546 1,
1140 4471 1233 4544 145),
1261 4473 1343 4530 Posi-

229 4603 294 4644 ltore
313 4593 341 4641 dn
354 4593 420 4652 libris
434 4592 574 4640 Aristotelis.
1124 4578 1142 4635 7
