2992 5032
770 245 833 316 lll-

226 428 347 488 Arabiee
374 429 461 487 modo
486 429 601 502 Syrisce
635 428 758 487 vertisse
776 414 777 418 ¹
793 441 847 486 nec
871 426 973 484 'solum
1000 421 1084 482 utin
1108 418 1285 497 quibusdam
1309 429 1386 479 sane

228 540 256 590 et
288 530 519 604 antiquioribus
540 527 671 609 (saepius
706 529 783 587 enim
818 524 906 585 iidem
931 507 1003 584 'libri
1033 535 1061 584 et
1082 525 1128 584 vel
1155 525 1190 581 ab
1219 525 1324 581 eodem
1354 523 1386 579 in

227 641 381 707 utramque
403 633 533 706 linguam
554 631 712 709 interprete
734 632 814 690 velut
836 624 969 687 Honeino
986 629 1020 687 el.
1035 627 1125 687 Casiri
1142 624 1171 698 1,
1187 625 1250 684 254
1260 616 1306 698 sq.
1319 621 1387 683 286

229 736 358 794 translati
371 743 440 794 sunt
453 750 510 793 see.
523 734 561 790 lll
573 741 601 791 et
612 733 649 811 ll)
674 733 858 792 versionibus
876 731 1099 804 Aristotelisque
1121 730 1247 787 maxime
1263 718 1390 801 propter

227 838 363 896 'codicum
387 840 562 896 Graecorum
585 835 730 894 raritatem
755 838 944 906 factumest,
969 849 1002 891 ex
1028 833 1154 908 Syriacis
1178 833 1296 907 demum
1321 830 1387 887 sive

227 941 354 1015 propriis
378 940 442 1007 sive¹
462 939 584 996 aliorum
608 937 804 1009 versionibus,
831 939 887 995 boc
914 943 943 995 et
964 952 1062 1018 rernm
1085 942 1206 1019 naturae
1226 915 1388 991 consenta-

228 1060 317 1102 neum
346 1050 390 1103 est
414 1050 441 1099 et
463 1041 591 1098 Arabum
613 1040 800 1099 testimoniis.
846 1037 931 1106 Quod
959 1046 1056 1096 autem
1083 1039 1119 1096 ad
1143 1037 1207 1095 illos
1229 1035 1388 1111 versiones

229 1138 303 1218 quas
337 1144 471 1216 sequitur
493 1144 636 1201 averroes
673 1142 864 1215 interpretum
897 1140 1068 1199 nominibus
1101 1139 1255 1200 destitutas
1285 1136 1323 1194 ita
1353 1143 1388 1194 ut

147 1252 149 1254 ’
229 1255 326 1304 utrum
350 1262 384 1303 ex
409 1244 527 1320 Syriaco
556 1245 714 1319 exemplari
742 1244 902 1317 prodierint
929 1244 1107 1314 eaedemque
1134 1239 1192 1298 sint
1220 1239 1286 1296 illae
1309 1253 1387 1312 quas

230 1341 370 1407 Nedimus
405 1348 502 1406 addita
528 1355 598 1405 nota
626 1325 859 1417 aversionibus
874 1342 1143 1429 Graeco-Arabicis
1172 1341 1326 1414 distinguit
1349 1355 1387 1399 an

232 1469 268 1531 ex
291 1453 401 1510 Graeco
425 1452 530 1522 factae,
561 1465 596 1507 ex
619 1429 683 1523 ipsa
712 1456 824 1509 tantum
850 1447 979 1527 lectione*
1004 1444 1137 1503 concludi
1165 1432 1272 1519 possit,
1297 1443 1389 1501 bleta·

231 1555 420 1631 physicorum
444 1561 522 1611 certe
544 1551 709 1610 versionem
733 1568 808 1625 quae
832 1551 860 1608 in
884 1550 1020 1632 Averrois
1033 1538 1111 1622 opp.
1125 1548 1240 1621 legitur,
1257 1554 1390 1621 practer·

232 1671 319 1726 quam
343 1656 423 1725 quod
445 1655 481 1711 de
505 1652 641 1710 versione
664 1655 793 1733 quadam
812 1653 1009 1727 Syro-drab.
1033 1650 1106 1709 nihil
1129 1650 1227 1709 retulit
1245 1646 1389 1706 Nedimus

223 1753 281 1830 (el.
309 1770 353 1826 ap.
383 1753 536 1828 Hottinger
561 1752 635 1810 Bibl.
664 1755 767 1813 orient.
791 1772 818 1830 p.
836 1753 899 1813 240
916 1771 960 1827 sq.
990 1752 1081 1811 Casiri
1104 1740 1133 1825 1,
1150 1749 1222 1812 306.
1260 1746 1389 1808 Hadsebi
1425 1816 1426 1819 Ἴ

232 1856 285 1913 llb.
304 1853 332 1928 5,
350 1852 413 1933 50),
437 1855 508 1914 mibi
531 1870 706 1938 persuasum
729 1863 774 1914 est
796 1857 898 1915 Graeci
926 1860 1005 1914 esse
1020 1855 1195 1931 exemplaris
1218 1855 1285 1912 licet
1306 1855 1390 1912 lacu-

233 1957 309 2029 nosi,
333 1959 362 2016 id
386 1960 465 2031 quod
488 1957 554 2034 ipse·
575 1958 693 2030 saepius
716 1950 825 2018 notavit
839 1961 867 2017 et
878 1959 1022 2031 interpres
1040 1957 1127 2016 illatis
1141 1957 1238 2015 verbis
1261 1954 1390 2029 „Album

233 2061 264 2120 iu
287 2060 413 2120 Graeco*
442 2059 504 2118 sive
531 2059 658 2132 „Album
685 2061 716 2119 in
743 2060 916 2134 exemplari'
951 2068 980 2118 et
1002 2066 1213 2118 commentator
1233 2059 1389 2116 Averroes.

233 2165 268 2221 llt
288 2180 362 2244 sane
390 2163 510 2237 qttidem
537 2169 652 2236 praeter
678 2164 805 2223 fabulam
833 2163 911 2220 illam
939 2163 975 2219 de
1006 2149 1109 2235 legatis
1132 2161 1310 2229 Kbalilarnm
1338 2159 1391 2232 qui

234 2266 325 2324 libros
353 2265 479 2323 Graecos
513 2271 647 2336 peterent
680 2266 715 2322 ad
740 2265 930 2339 Byzantinnm
963 2263 1169 2337 imperatorem
1201 2263 1301 2321 missis
1335 2263 1391 2320 bae

234 2367 361 2424 maxime
383 2381 414 2424 re
438 2379 520 2423 raros
544 2364 636 2429 fuisse
659 2365 688 2422 in
713 2365 797 2426 Asiae
820 2352 991 2441 regionibus
1005 2368 1131 2428 Graecos
1154 2366 1271 2425 codices
1289 2371 1391 2424 osten·

236 2469 322 2542 ditur,
346 2467 426 2542 quod
449 2474 477 2525 et
500 2467 607 2525 multos
630 2466 721 2527 libros
744 2487 796 2544 per
817 2477 916 2547 partes
939 2478 1051 2530 tantum
1075 2486 1235 2529 conversos
1258 2467 1391 2529 extitisse

236 2579 351 2631 constat
384 2567 477 2648 (velut
499 2568 578 2655 Alex.
609 2577 638 2627 et
663 2571 800 2631 Themist.
825 2589 929 2632 comm.
955 2573 983 2630 in
1006 2574 1109 2647 Phys,
1139 2571 1232 2628 eiusd.
1257 2570 1337 2626 Alex.
1362 2575 1392 2625 et

235 2674 381 2732 Ammonii
405 2673 435 2730 in
458 2674 528 2746 Top.
553 2672 660 2745 aliique
683 2674 801 2752 comm.)
826 2684 854 2734 et
875 2677 957 2750 ipsos
981 2690 1070 2749 saepe
1092 2674 1266 2747 interpretes
1290 2672 1325 2728 de
1347 2669 1391 2729 vi·

236 2777 321 2834 tiosis
355 2775 463 2847 quibus
490 2764 536 2830 usi
563 2775 672 2832 luerint
699 2792 753 2834 nec
780 2777 901 2852 integris
928 2778 1146 2852 exemplaribus
1173 2775 1291 2834 Graecis
1319 2761 1392 2846 que-

236 2885 335 2935 rentes
358 2875 483 2947 legimus
506 2875 586 2931 velut
607 2875 774 2934 Honeinum
797 2895 841 2951 ap.
865 2879 978 2938 Nedim.
1002 2880 1078 2938 Hott.
1097 2876 1160 2938 238
1172 2876 1249 2954 (Cas.
1263 2877 1292 2947 l,
1306 2875 1392 2949 306),

209 3037 211 3041 ,
236 2978 315 3037 idem
338 2975 402 3033 Cas.
419 2972 449 3045 1,
466 2970 537 3032 250.
555 2971 616 3032 251
630 2991 674 3047 sq.
699 2978 733 3036 el.
757 2979 885 3037 Hadsebi
908 2978 1055 3051 dimitat,
1072 2973 1391 3050 3865606666.

237 3080 277 3138 lta
300 3079 329 3137 in
352 3075 616 3151 Marapbysieorum
649 3077 785 3136 versione
807 3079 928 3137 Arabica
955 3081 1028 3138 liber
1049 3081 1084 3141 Κ
1110 3096 1170 3138 non
1193 3080 1339 3137 ferebatur
1362 3077 1392 3135 id

239 3184 318 3257 quod
342 3181 459 3241 disertis
482 3179 579 3238 verbis
608 3178 677 3260 dicit
699 3180 843 3238 Averroes
858 3181 931 3251 ,blet-
955 3199 983 3254 p.
1000 3180 1098 3242 casn
1131 3181 1198 3258 (nee
1221 3196 1289 3239 eum
1312 3180 1394 3239 novit

237 3286 374 3359 albertus
396 3284 518 3367 Magnus
543 3282 627 3341 euius
649 3282 789 3341 tredecim
812 3282 952 3343 librorum
969 3284 1101 3343 decimus
1126 3284 1235 3347 Graeco
1248 3283 1275 3355 Ι,
1299 3283 1393 3346 unde-

239 3380 332 3444 cimus
356 3387 465 3444 Graeco
489 3385 528 3445 Λ
550 3385 737 3465 respondet),
771 3402 826 3444 nec
853 3386 919 3446 ideo
947 3388 1044 3446 solum
1072 3388 1141 3460 quia
1162 3385 1251 3446 huius
1273 3384 1339 3447 libri
1362 3384 1394 3442 in

238 3486 390 3561 Hispania,
425 3485 475 3542 ubi
498 3487 624 3544 rariores
653 3495 735 3567 erant
762 3486 1005 3563 pbilosophorum
1029 3490 1206 3548 Graecorum
1229 3488 1393 3558 versiones,

239 3586 359 3643 omnino
382 3585 448 3643 illae
467 3594 503 3644 ut
524 3604 577 3660 par
599 3595 645 3646 est
666 3605 732 3647 raro
756 3590 920 3666 descriptae
943 3589 1040 3667 (pauci
1064 3591 1140 3649 enim
1165 3597 1248 3666 erant
1270 3589 1295 3647 si
1310 3589 1394 3648 theo·

239 3689 323 3762 logos
344 3702 497 3760 ,comparas
521 3689 577 3769 qui„
595 3705 712 3764 operam
736 3691 772 3749 iis
795 3693 898 3751 darent
919 3693 999 3767 iique
1020 3709 1080 3753 non
1104 3692 1168 3750 sine
1191 3689 1299 3749 invidia
1322 3705 1395 3763 qua-

137 3781 139 3783 ’
201 3801 204 3803 ·
240 3791 306 3848 dam
340 3789 696 3861 „Non-Mahammedani''
724 3793 784 3851 lere
810 3796 960 3869 appellati,
994 3797 1029 3854 el.
1054 3793 1182 3852 Hadscbi
1205 3792 1257 3851 llb.
1275 3788 1393 3865 3,100.

240 3893 270 3967 1,
287 3889 327 3953 tv
352 3899 380 3950 et
397 3892 614 3951 Sobabrestanii
633 3910 707 3968 opus
718 3897 774 3953 boo
791 3896 960 3956 discrimine
975 3898 1078 3956 tultum
1092 3897 1142 3970 qni
1166 3893 1395 3970 „philosophos”

240 3996 351 4055 Arabes
375 3995 492 4075 Graecis
515 4004 688 4063 annumerat
703 3996 732 4070 2,
748 3994 799 4058 80.
816 3994 887 4058 213.
912 4001 947 4057 cl'.
965 3998 994 4072 1,
1011 3996 1062 4057 34.
1079 3995 1194 4073 2,1.3)
1219 3995 1396 4070 exemplaria

241 4100 363 4158 Arabica
390 4113 450 4155 non
479 4097 664 4171 legebantur,
700 4098 776 4157 sieut
803 4099 923 4173 reliquis
945 4109 1013 4174 post
1034 4101 1146 4175 primos
1169 4107 1295 4180 quatuor
1317 4098 1397 4157 lithi-

242 4218 344 4262 corum
366 4200 448 4260 libris
472 4200 521 4258 diu
545 4199 636 4259 caruit
657 4198 801 4261 Averroes
825 4198 873 4278 (el.
895 4202 959 4261 lttb.
985 4211 1055 4262 extr.
1082 4204 1142 4262 Vol.
1159 4201 1221 4280 lll),
1252 4202 1305 4260 sed
1329 4198 1397 4272 quia

241 4304 364 4364 Arabiae
396 4305 482 4378 plane
515 4317 575 4363 non
607 4301 739 4363 exstabat
771 4310 804 4361 ut
824 4303 871 4363 elii
895 4319 1013 4380 quoque
1035 4304 1201 4369 Aristotelis
1216 4302 1289 4377 libri
1306 4316 1353 4370 sc.
1376 4301 1396 4360 1.
