3196 5232
731 423 874 493 [258

267 604 391 664 Bandini
413 604 442 660 in
466 601 592 671 Gatalog.
622 599 707 656 codd.
741 596 821 654 latin.
850 593 922 654 nint·
945 594 1019 652 Med.
1043 596 1129 652 Laur.
1153 593 1227 652 Flor.
1245 593 1329 656 1776
1352 605 1371 656 t.
1389 597 1426 656 lll
1539 613 1545 624 ·

270 706 299 763 in
320 704 415 762 Plutei
430 700 473 762 84
496 695 598 758 eod.3
622 694 756 772 (membr.
781 710 840 755 see.
854 694 931 772 lllll)
958 694 1034 754 inter
1056 693 1221 754 Aristotelis
1248 711 1283 754 ex
1307 698 1427 772 antiqua
1539 720 1547 733 ·

269 806 404 865 versione
427 803 516 860 latina
539 813 629 872 opera
652 799 744 857 multa
771 797 938 872 „Anonymi
965 796 1023 855 vita
1045 797 1228 856 Aristotelis”
1265 811 1341 870 quae
1368 801 1425 858 ino.

269 903 462 978 „Aristoteles
495 893 690 974 philosophus
725 900 762 957 de
795 906 882 972 gente
916 897 969 956 luit
996 897 1115 971 quidem
1141 899 1286 971 Macedo”‚
1321 900 1429 959 desiuit

268 1014 365 1066 autem
388 1004 442 1061 ita:
466 1008 516 1074 „et
537 1000 696 1058 multorum
718 1001 886 1060 testimonia
909 999 998 1060 serre''
1021 999 1070 1076 (ol.
1095 999 1131 1056 de
1153 999 1212 1056 vita
1234 1001 1361 1074 quadam
1384 1015 1427 1074 gr.

268 1104 433 1164 Aristotelis
466 1102 575 1162 inedita
604 1101 689 1160 cuius
723 1101 839 1188 initium
863 1091 932 1183 Ἀρ.
961 1089 979 1161 ὁ
1007 1089 1200 1183 φιλόσοφος
1220 1107 1276 1160 etc.
1308 1101 1339 1158 in
1362 1103 1427 1160 cod.

270 1207 356 1266 Marc.
379 1201 442 1265 257
466 1219 525 1263 seo
542 1203 591 1262 XV
614 1201 882 1276 Zanettip.128).
905 1235 949 1300 3-

357 1307 493 1368 Ceterum
527 1312 556 1364 et
582 1305 655 1363 haee
687 1304 746 1362 vita
772 1312 801 1363 et
827 1304 892 1363 falsi
919 1303 1085 1363 Aristotelis
1119 1304 1237 1363 libellus
1265 1305 1302 1362 de
1325 1304 1429 1364 ollloiis

272 1409 368 1470 mariti
402 1417 432 1467 et
464 1397 581 1480 uxoris,
616 1420 691 1479 quae
726 1406 834 1480 scripta
867 1421 902 1464 ex
931 1405 1079 1464 veteribus
1107 1405 1165 1466 illis
1191 1404 1274 1464 libris
1298 1421 1356 1464 seo.
1379 1406 1430 1464 xv

272 1511 426 1585 impressis
459 1509 584 1583 repetita
615 1524 675 1565 una
708 1523 775 1566 oum
797 1508 884 1566 Arist.
907 1507 1108 1566 Phisionomia
1133 1509 1170 1566 ad
1192 1505 1429 1566 Alexandrumo

271 1613 336 1670 eod.
359 1612 455 1672 Berol.
491 1625 579 1683 quem
612 1615 642 1667 et
673 1625 742 1668 oum
773 1605 901 1668 editione
923 1609 1105 1668 Bononiensi
1129 1605 1167 1686 (a.
1190 1606 1288 1684 1501)
1312 1609 1341 1668 et
1362 1623 1430 1668 oum

275 1715 421 1784 theotisca
442 1711 563 1772 loannis
585 1710 745 1771 Lorehneri
767 1711 904 1770 versione
927 1707 984 1787 (ed.
1010 1710 1165 1785 Augsburg
1189 1705 1285 1788 1530)
1312 1726 1431 1784 eompa-

274 1817 334 1874 ravi
370 1813 516 1888 descripta
549 1821 579 1872 et
601 1812 772 1887 Optioorum
804 1812 976 1894 fragmentis
1004 1828 1040 1871 ex
1062 1815 1285 1874 Bartholomaeo
1308 1810 1429 1886 Anglioo

273 1922 302 1972 et
323 1915 436 1975 loanue
457 1915 583 1972 Peokam
610 1913 742 1972 collectis
769 1912 838 1970 huic
864 1913 964 1972 libello
992 1914 1076 1987 quasi
1102 1915 1249 1988 quandam
1272 1914 1433 1972 documen·

274 2023 373 2072 torum
395 2013 587 2087 appendicem
610 2013 736 2072 adiicere
759 2020 928 2086 statueram,
951 2017 1024 2074 haec
1046 2016 1097 2074 ulti
1109 2023 1138 2074 et
1149 2015 1259 2074 codicis
1272 2014 1433 2073 Florentini

276 2115 360 2189 copia
393 2114 464 2174 milii
498 2115 573 2172 facta
600 2123 627 2174 et
650 2115 687 2174 ad
708 2114 854 2188 liquidum
888 2117 1022 2188 quaestio
1055 2117 1105 2176 illa
1126 2117 1267 2190 perducta
1287 2115 1375 2174 luerit
1396 2116 1433 2175 de

274 2216 493 2276 necessitudine
522 2233 598 2290 quae
615 2217 703 2274 vinter
726 2216 828 2290 Optiea
849 2215 1015 2276 Aristotelis
1042 2219 1203 2276 intercedat
1223 2225 1254 2276 et
1275 2217 1433 2276 Ptolemaei

276 2319 312 2376 ab
338 2317 471 2393 Eugenio
504 2307 645 2377 translata
676 2317 707 2376 in
736 2317 841 2376 eodem
875 2319 1009 2378 eiusdem
1042 2320 1104 2378 lere
1132 2318 1295 2392 argumenti
1322 2316 1434 2377 ambitu

275 2419 420 2480 versantia
448 2416 577 2496 (diversa
604 2419 681 2478 onim
710 2435 813 2478 revera
841 2419 947 2492 scripta
972 2435 1039 2479 esse
1063 2419 1162 2478 docuit
1182 2421 1251 2478 licet
1272 2419 1368 2477 obiter
1389 2420 1435 2478 iu·

275 2528 408 2594 spectum
436 2520 595 2578 Ptolemaei
629 2535 665 2578 ex
698 2521 763 2578 eod.
791 2519 924 2602 Parisino
957 2519 1158 2596 apographum
1191 2538 1216 2580 a.
1241 2519 1325 2580 1820
1351 2522 1434 2580 lmm.
1487 2591 1488 2596 ἵ

274 2622 398 2680 Bellieni
432 2621 517 2680 iussu
543 2621 650 2678 laetum
682 2622 762 2694 quod
792 2637 858 2680 oum
891 2624 1024 2682 eiusdem
1050 2622 1150 2697 operis
1178 2622 1281 2682 oodioe
1302 2637 1361 2682 sec.
1383 2623 1435 2680 XV

276 2721 397 2780 meliore
431 2722 549 2796 quidem
583 2729 612 2780 at
638 2722 810 2796 imperfecto
841 2723 873 2782 in
899 2723 970 2784 bibl.
999 2724 1125 2784 Ber-olim
1154 2720 1333 2802 asservatur)
1366 2737 1433 2782 curn

276 2822 341 2881 aliis
375 2839 451 2899 quae
484 2822 520 2882 ad
558 2823 647 2884 liuius
684 2823 775 2883 libelli
812 2825 963 2884 materiam
1000 2825 1106 2884 saciant
1141 2825 1299 2900 separatim
1331 2831 1435 2900 postea

277 2925 409 2982 edentur.
1262 2921 1264 2928 ’

361 3050 487 3112 Finitum
510 3055 639 3114 Berolini
663 3057 710 3114 die
733 3054 775 3116 28
794 3072 832 3114 m.
858 3052 923 3112 Maii
947 3068 972 3111 a.
996 3047 1089 3111 1851.
1111 3027 1116 3036 “
