3228 5228
726 411 791 491 ror

181 583 288 657 quibus
310 580 506 642 inducebatur
532 581 638 657 aliquis
671 574 730 664 τήν
756 571 947 661 Ἀθηναίων
974 569 1338 664 πόλινόδορόμενοςο

180 683 391 744 Macedonibus
414 685 476 744 scil.
501 692 615 758 captam
639 686 688 759 (ir.
702 701 748 758 ap.
762 684 886 741 Demetr.
900 673 1059 764 16661616.
1074 682 1115 746 28
1127 683 1202 758 pi?
1215 685 1337 758 Walz.);

180 775 363 858 Πολιτικός
391 787 453 846 sive
475 789 513 846 de
535 787 684 860 republica
712 795 740 846 et
760 791 928 866 praestante
950 785 1028 857 viro,
1062 794 1095 845 ut
1116 787 1155 846 ait
1178 786 1279 844 Cicero
1301 787 1339 846 66

181 886 279 956 Quint.
296 885 327 960 3,
343 885 372 958 5,
396 888 431 946 66
457 888 536 948 illius
559 904 692 946 normam
720 887 776 946 sibi
804 871 861 944 iam
888 884 1004 957 placere
1031 887 1169 946 nuntians
1193 887 1229 944 66
1252 903 1339 960 repu-

180 988 256 1047 blica
278 989 410 1062 dialogos
434 1005 506 1048 suos
529 989 568 1047 ita
590 997 703 1048 mutare
725 995 758 1045 ut
778 986 843 1059 ipse
864 987 1002 1058 loquatur
1030 1004 1096 1046 cum
1120 986 1228 1054 Quinto
1252 987 1339 1047 fratre

181 1089 258 1148 sicut
289 1089 319 1148 in
348 1089 529 1148 Academicis
557 1105 623 1148 cum
650 1091 795 1160 Varrone;
839 1077 989 1167 Γρύλλος
1015 1077 1036 1170 ἢ
1062 1082 1141 1170 περὶ
1168 1083 1340 1168 ῥητορικῆς

182 1190 320 1262 (Quintil.
338 1190 368 1262 2,
390 1188 441 1262 17,
463 1189 519 1263 14)
554 1190 672 1250 subtilia
707 1190 852 1270 quaedam
884 1198 1054 1262 argumenta
1082 1189 1237 1248 continens
1263 1188 1340 1255 sitne

179 1307 230 1350 ars
253 1293 397 1352 rhetorica
419 1291 606 1366 quaerentis3
619 1281 818 1373 rtopbotog
841 1289 994 1362 (Themist.
1012 1290 1101 1350 Orati.
1115 1307 1143 1364 p.
1157 1277 1218 1349 295
1235 1289 1339 1362 Hard.)

181 1407 350 1452 saumonem
382 1395 494 1454 ducens
522 1409 538 1450 e
568 1392 698 1452 Platonis
727 1392 833 1466 Gorgia
861 1391 985 1465 eiusque
1012 1391 1186 1450 admiratore
1213 1392 1340 1463 quodam

181 1495 292 1554 rustico
327 1495 379 1566 (61.
402 1493 594 1569 Theophrasti
617 1481 810 1575 Μεγαρικός
833 1493 865 1550 D.
882 1494 913 1551 L.
932 1491 960 1563 6,
977 1491 1047 1566 22);
1080 1482 1251 1574 Σοφιστής
1279 1492 1339 1566 (W.

182 1594 254 1656 142.
271 1597 303 1654 D.
320 1598 352 1655 L.
365 1594 395 1668 8,
410 1593 479 1669 57];
504 1587 709 1672 Μενέξενος,
728 1585 903 1674 Ἐρωτικὸς
926 1595 986 1668 (W.
1000 1592 1073 1654 144.
1085 1596 1189 1654 Athen.
1203 1591 1254 1668 15,
1268 1593 1340 1664 674,

182 1698 232 1756 ubi
255 1697 304 1756 lih.
330 1699 481 1756 secundus
502 1696 615 1767 citatur,
639 1697 674 1753 61.
692 1693 742 1766 13,
759 1693 847 1770 564),
877 1711 952 1769 quae
975 1696 1011 1754 66
1034 1710 1116 1752 more
1140 1696 1273 1770 quaestio
1298 1697 1339 1752 1-

183 1799 261 1857 bulis
283 1814 460 1872 morumque
483 1797 625 1870 exemplis
648 1797 800 1870 aptissima
823 1796 961 1855 omnibus
985 1797 1045 1854 iere
1057 1803 1183 1868 quatuor
1195 1805 1340 1862 sectarum

181 1900 393 1972 Theophrastei
415 1900 477 1958 acri
502 1907 530 1958 et
551 1905 655 1972 postea
670 1899 855 1972 philosophis
870 1899 899 1955 in
916 1898 1028 1958 deliciis
1046 1905 1122 1970 erat;
1144 1888 1342 1975 Συμπόσιον

182 2001 273 2073 (Plut.
299 2001 397 2076 Symp.
415 2003 424 2058 l
447 2003 595 2074 prooem.)
620 2000 681 2060 sive
704 2001 798 2074 (sicut
809 1999 925 2074 Epicuri
938 1999 1104 2058 convivium
1117 2000 1148 2057 D.
1162 2002 1193 2058 L.
1208 1997 1339 2072 10,119.

184 2105 257 2162 Plut.
283 2105 382 2178 Symp.
399 2098 465 2175 3,6
499 2111 527 2161 61
553 2103 745 2176 Theophrasti
779 2103 814 2160 61.
842 2103 916 2160 Plut.
945 2115 1004 2160 non
1031 2117 1122 2174 posse
1151 2117 1231 2160 suar.
1250 2098 1291 2160 13
1314 2108 1343 2160 et

184 2206 324 2264 Athenaei
351 2204 504 2262 citationes
532 2203 673 2277 plurimas
698 2206 735 2260 66
759 2205 866 2276 quihus
890 2221 916 2261 v.
940 2201 1039 2273 indic,
1063 2209 1091 2259 ct
1114 2203 1282 2276 hieronymi
1305 2203 1340 2260 cl.

183 2306 258 2365 Plut.
284 2307 382 2379 Symp.
399 2307 408 2362 l
431 2319 562 2378 prooem.
580 2305 683 2365 Athen.
701 2301 752 2376 10,
768 2305 840 2363 424.
858 2304 908 2376 11,
924 2302 996 2363 499.
1026 2303 1060 2360 cl'.
1082 2310 1233 2375 praeterea
1248 2305 1342 2380 Speu-

185 2406 261 2480 sippi
282 2397 465 2480 Πλάοιονος
487 2397 705 2486 περίδειπνον
728 2404 901 2479 11.1..-3,2.
932 2406 1033 2466 ilionis
1055 2405 1218 2490 Academici
1243 2439 1283 2446 —
1307 2409 1343 2468 66

185 2524 245 2581 quo
270 2510 374 2568 Strabo
388 2505 417 2581 3,
429 2506 502 2568 431.
528 2508 586 2566 Cic.
604 2525 658 2582 pro
676 2509 834 2570 06611610.
849 2510 929 2570 Stoh.
943 2510 972 2567 ss.
987 2505 1090 2580 19,17
1113 2540 1155 2550 —-
1178 2509 1341 2568 convivium

185 2609 260 2668 Plut.
285 2611 383 2684 Symp.
402 2612 412 2668 l
434 2627 478 2682 pr.
502 2611 606 2668 Athen.
624 2609 653 2682 1,
670 2607 713 2670 34
726 2619 779 2676 etc.
793 2613 874 2684 616),
890 2606 968 2693 περὶ
987 2603 1097 2691 μέθης
1113 2611 1262 2683 (Apollon.
1276 2611 1342 2671 mir.

186 2708 237 2772 25.
262 2712 387 2774 Macroh.
405 2709 434 2783 7,
452 2711 501 2783 6),
536 2712 566 2769 in
590 2727 648 2788 quo
671 2719 774 2770 auctor
800 2730 848 2772 res
871 2713 1038 2774 convivales
1060 2713 1211 2772 illustrans
1234 2714 1344 2771 multus

186 2819 249 2872 erat
274 2813 304 2872 in
331 2814 460 2872 llomero
482 2813 667 2887 explicando
694 2813 725 2871 16
753 2815 834 2886 quod
859 2816 953 2874 lacere
981 2829 1048 2872 eum
1075 2813 1106 2870 in
1134 2813 1198 2870 aliis
1226 2829 1345 2888 quoque

186 2914 311 2987 dialogis
334 2914 453 2974 solitum
477 2929 544 2972 esse
568 2915 672 2972 ethio
696 2914 798 2990 Chrys.
822 2917 947 2976 testatur
970 2915 1019 2974 Or.
1036 2912 1077 2976 53
1093 2932 1121 2990 p.
1134 2912 1265 2988 63466.
1278 2917 1346 2979 Em·

186 3015 287 3092 penius
321 3016 416 3088 (velut
447 3015 477 3072 in
510 3015 585 3073 libro
619 3035 657 3077 rr.
684 3005 788 3098 adrev.
821 3035 867 3093 ap.
892 3019 1011 3090 Athen,
1046 3010 1124 3101 περὶ
1155 3014 1265 3102 ψυχῆς
1296 3034 1342 3092 ap.

187 3118 324 3188 Sextum)
358 3131 426 3174 eum
454 3116 527 3174 Plut.
557 3117 621 3174 Non
654 3133 745 3192 posse
775 3135 856 3178 suar.
879 3118 920 3180 13
954 3121 1020 3193 (uhi
1043 3121 1117 3182 ialso
1139 3136 1219 3178 nrrue
1241 3118 1347 3193 legitur

188 3211 245 3278 καὶ
260 3205 524 3300 Ἀριστοφάνους
549 3213 628 3302 περὶ
644 3209 790 3304 Ὁμήρου
803 3237 856 3296 pro
873 3213 1139 3303 Ἀριστοτέλους)
1154 3230 1182 3280 et
1194 3221 1346 3282 confirmat

189 3322 290 3395 fragm.
314 3320 351 3378 ab
372 3320 523 3380 Athenaeo
539 3319 590 3394 15,
608 3321 670 3384 674
693 3325 826 3396 citatum,
861 3325 896 3384 61.
920 3333 1071 3398 praeterea
1098 3324 1148 3382 uhi
1171 3323 1249 3381 idem
1272 3322 1355 3383 liber

190 3421 295 3482 citatur
317 3421 391 3480 Plut.
415 3423 515 3496 Symp.
532 3422 562 3497 3,
578 3423 608 3486 3.
633 3427 668 3484 ei.
685 3423 715 3499 3,
732 3423 762 3498 7,
778 3422 807 3484 3.
824 3423 854 3499 3,
870 3425 900 3498 8,
918 3425 946 3483 1..
969 3427 1074 3483 Athen.
1091 3425 1121 3494 2,
1137 3423 1188 3480 44.
1206 3420 1257 3492 10,
1273 3421 1346 3481 429.
1395 3421 1397 3424 ’

190 3521 242 3595 10,
259 3523 321 3583 447
346 3523 397 3596 (61.
415 3522 444 3596 1,
460 3521 527 3594 34).
551 3524 602 3596 11,
619 3526 691 3586 464.
710 3525 760 3597 14,
777 3524 848 3584 641.
872 3527 909 3582 61.
926 3526 956 3598 2,
967 3527 1019 3585 40.
1035 3521 1086 3594 11,
1098 3521 1161 3581 496
1178 3524 1230 3595 (66
1242 3525 1347 3598 codem

190 3632 364 3698 argumento
387 3624 529 3682 convivali
552 3627 588 3682 ab
610 3627 765 3685 Aristotele
788 3633 866 3691 certe
888 3626 983 3690 alieno
1005 3624 1167 3684 tractabant
1182 3625 1267 3684 etiem
1283 3625 1348 3685 Ari·

192 3727 306 3786 stolelis
330 3716 428 3804 νόμοι
451 3717 660 3803 συμποτικοί
674 3727 777 3786 Athen.
796 3725 824 3799 1,
841 3723 870 3784 3.
888 3723 1005 3799 5,186.
1024 3726 1065 3788 61.
1089 3725 1181 3784 Procl.
1197 3727 1228 3786 in
1244 3728 1346 3804 Remp.

192 3829 239 3888 cit.
263 3829 374 3888 Fabric.
391 3829 426 3886 lll
441 3845 469 3901 p.
481 3825 545 3890 398
557 3828 591 3886 Η.
616 3829 678 3888 sire
701 3818 889 3902 σοοσιτικός
910 3831 988 3902 apud
1001 3830 1033 3886 D.
1047 3830 1079 3888 L.
1091 3825 1120 3898 5,
1133 3826 1183 3888 26.
1208 3830 1243 3889 ci.
1262 3850 1347 3914 προ-

189 3922 346 4013 βλήματα
379 3922 689 4003 duodecicimum,
718 3932 844 3992 Hadschi
871 3931 973 3990 Khalia
1007 3945 1052 4004 ap.
1074 3931 1119 3988 W.
1140 3927 1234 4005 159);
1270 3927 1349 4014 περὶ
1423 3955 1431 3964 “

192 4023 353 4106 πλούτου,
387 4047 423 4090 ex
451 4048 510 4106 qno
537 4033 611 4090 libro
639 4041 769 4096 sumtum
797 4048 863 4092 esse
886 4034 983 4092 locum
1006 4031 1089 4093 illurn
1111 4047 1298 4092 communem
1321 4043 1350 4094 et

192 4135 333 4194 moralem
368 4149 456 4206 quem
489 4141 557 4209 post
589 4133 708 4194 citatum
736 4135 930 4208 Theophrasti
961 4134 1069 4192 librum
1101 4129 1180 4216 περὶ
1202 4126 1350 4208 πλούτου

192 4240 245 4311 (61.
262 4239 343 4296 11,,1.
361 4234 391 4309 5,
407 4234 464 4310 47)
499 4253 536 4295 cx
563 4235 718 4296 Aristotele
750 4237 832 4295 affert
860 4237 962 4296 Cicero
990 4236 1026 4292 de
1055 4234 1177 4306 611162,
1194 4235 1235 4295 16
1272 4238 1349 4296 bene

193 4339 266 4398 vidit
287 4338 437 4400 Fabricius
460 4341 512 4412 (ad
535 4341 613 4398 huuc
636 4338 760 4398 iortnsse
787 4338 893 4397 librum
920 4336 1046 4411 pertinet
1068 4335 1165 4394 citatio
1188 4337 1349 4398 Philodami

193 4442 224 4500 in
248 4441 380 4502 111166
403 4441 498 4499 virtut.
524 4448 553 4498 et
574 4439 652 4501 vitiis
676 4442 730 4500 col.
748 4437 803 4498 el:
828 4429 911 4520 ὅπερ
929 4429 1091 4522 ³adprecor.
1114 4427 1245 4505 ἔπαθεν
1267 4433 1351 4501 κατὰ
