2992 5032
776 310 838 374 140

228 482 412 544 tinuarentur
444 478 494 560 (cl.
517 485 623 559 Ephes.
648 484 684 543 de
707 500 773 558 gen.
797 498 843 539 an.
869 479 932 540 13.
951 476 1002 540 31).
1032 481 1175 542 Αιειιοεε
1198 481 1340 556 -Parapha
1367 482 1391 541 l.

228 589 265 645 de
288 603 353 660 gen.
376 603 422 645 an.
448 588 520 660 Opp.
538 587 619 658 vta
641 605 673 660 p.
686 587 728 644 44
752 593 781 644 et
803 581 854 644 fin.
876 587 1012 659 Paraphr.
1037 585 1054 641 1.
1080 585 1116 641 de
1138 585 1271 657 partibus
1293 586 1342 657 Vl,
1370 584 1389 644 1

227 709 255 764 p.
273 685 345 749 203.
380 688 491 746 Arabes
526 689 604 747 enim
630 690 736 747 librum
764 689 799 746 de
813 674 944 746 'incessu
968 687 1088 745 omnino
1111 686 1290 760 ignorantes,
1311 674 1391 746 ¹ean*

228 793 335 852 iunctis
359 808 425 849 cum
448 791 588 869 historiae
611 792 697 850 anim.
721 791 804 849 libris
828 792 930 848 decem
952 824 993 831 —-
1009 791 1044 848 el.
1068 789 1206 869 lourdain
1223 806 1251 863 p.
1265 788 1328 849 172
1347 824 1392 833 --

229 897 265 953 ns
293 895 342 968 qur
376 902 458 951 erant
492 894 527 950 aa
553 895 686 966 paitraus
708 871 743 952 'er
770 909 834 968 gen.
864 908 921 963 an..
946 893 1009 950 nra
1032 892 1189 973 numana
1212 892 1392 952 animalibus

229 997 431 1066 numerabant,
455 996 490 1052 cl‘.
515 994 654 1051 diverat
676 1013 704 1068 p.
722 984 807 1073 404),
831 993 916 1067 pauci
939 993 979 1050 illi
1005 993 1122 1052 codices
1146 990 1198 1072 (Yb
1219 993 1320 1072 Beth.)
1338 996 1392 1068 qui

229 1107 297 1173 post
319 1099 409 1156 libros
433 1099 471 1156 de
492 1097 624 1170 partibus
648 1097 787 1181 exhibant
808 1096 914 1153 librum
939 1111 974 1152 ex
997 1096 1062 1169 ipso
1084 1097 1250 1155 Aristotelis
1263 1098 1391 1155 consilio

230 1208 403 1273 sequentem
431 1201 467 1256 de
496 1192 615 1258 incessu
646 1198 748 1269 anim..
783 1199 945 1256 clausulam
974 1199 1057 1255 illam
1076 1216 1133 1272 qua
1155 1215 1222 1268 curn
1245 1199 1328 1256 libris
1352 1186 1392 1258 de

229 1319 328 1377 gener.
354 1302 394 1359 illi
418 1301 638 1374 coniunguntur
660 1299 796 1359 omittunt
819 1297 919 1377 (Bekk.
944 1319 971 1374 p.
990 1298 1078 1378 697);
1102 1301 1150 1358 alii
1165 1279 1242 1360 'vero
1259 1284 1391 1360 editores

229 1412 298 1480 post
319 1407 337 1462 l.
366 1406 402 1462 de
429 1404 550 1462 incessu
576 1403 669 1461 libros
698 1403 735 1460 de
762 1403 859 1460 anima
881 1404 965 1476 sequi
990 1404 1120 1462 volentes
1144 1419 1202 1461 sec.
1227 1405 1315 1463 verba
1338 1400 1392 1462 enss

228 1517 321 1567 trema
344 1507 409 1565 libri
423 1496 475 1583 Jde
510 1514 591 1565 motu
619 1521 680 1576 an.‚
714 1505 875 1562 clausulam
902 1505 944 1562 illi
970 1506 1058 1562 talem
1086 1512 1136 1563 aut
1162 1506 1312 1565 addidisse
1339 1513 1392 1565 ant

230 1611 377 1670 inventam
401 1626 537 1669 servasse
560 1610 696 1667 videntur
718 1601 775 1682 (ἐχ.
798 1600 868 1669 ἔστι
889 1603 1065 1689 θεωρῆσαι
1080 1602 1157 1690 περὶ
1172 1606 1301 1693 ψυχῆς).
1336 1611 1391 1668 Est

230 1715 308 1772 enim
331 1713 534 1786 antiquissima
563 1712 611 1768 illa
634 1713 670 1768 de
691 1710 758 1767 loco
781 1711 922 1769 libroruin
952 1711 987 1768 de
1015 1710 1111 1768 anima
1139 1713 1287 1785 quaestio,
1322 1712 1389 1770 aliis

230 1830 283 1872 eos
305 1820 406 1887 utpote
429 1813 657 1870 universaliores
681 1818 748 1869 ante
771 1812 862 1869 libros
886 1813 922 1868 dc
945 1811 1120 1871 animalibus
1144 1829 1247 1871 omnes
1261 1810 1392 1871 inlerenss

180 1983 185 1990 ¹
228 1915 322 1986 tibus,
352 1905 429 1972 sicut
456 1915 575 1988 quidam
598 1930 723 1988 quorum
748 1912 910 1972 sententiae
932 1913 1066 1972 meminit
1086 1914 1227 1973 Alexand.
1251 1918 1286 1973 ad
1310 1917 1328 1973 l.
1352 1918 1392 1975 de

230 2031 322 2076 sensu
345 2017 362 2074 1.
381 2014 448 2076 931)
481 2005 566 2092 (dtl’
597 2007 636 2076 οὐ
664 2009 877 2096 προθέμενος
903 2010 981 2097 περὶ
1009 2006 1101 2091 ζώων
1130 2011 1237 2098 λέγειν
1260 2015 1391 2100 πρῶτον

231 2114 309 2201 περὶ
332 2105 443 2178 littam
464 2116 563 2178 τινῶν
585 2112 642 2180 τὸν
666 2109 765 2200 λόγον
788 2115 947 2191 ποιεῖται,
972 2109 1017 2190 ὥς
1038 2137 1125 2205 τινες
1141 2109 1309 2202 ᾠήθησαν,
1334 2112 1392 2182 νῦν

231 2216 268 2283 δὲ
290 2217 368 2306 περὶ
391 2213 617 2305 αἰσθητηρίων
639 2242 674 2283 τε
698 2215 754 2284 καὶ
770 2212 944 2302 αἰσθητῶν
961 2213 1072 2302 λέγων,
1096 2218 1179 2300 μετὰ
1191 2222 1296 2285 ταῦτα
1312 2205 1392 2306 περὶ

232 2320 316 2406 ζωῆς
338 2344 374 2385 τε
402 2319 459 2386 καὶ
480 2316 633 2386 θανάτου
667 2319 723 2384 καί
754 2314 863 2384 ὕπνου
897 2319 953 2384 καί
986 2317 1209 2409 ἐγρηγόρσεως
1243 2319 1298 2386 καὶ
1331 2322 1391 2406 τῆς

230 2418 308 2488 καθ’
329 2419 443 2486 ὕπνον
454 2423 623 2507 μαντικῆς,
648 2412 715 2486 εἶθ’
738 2417 875 2509 ὕστερον
897 2422 975 2510 περὶ
988 2420 1089 2504 ζώων·
1113 2419 1200 2489 ἄλλα
1215 2422 1391 2491 καὶταῦτα

229 2526 288 2611 τῆς
311 2520 535 2611 προτεθείσης
556 2516 665 2605 &pacat
688 2521 918 2613 πραγματείας
934 2527 1002 2605 etc.)
1030 2540 1058 2589 et
1085 2532 1148 2604 ipse
1176 2533 1301 2591 fortasse
1324 2533 1391 2590 Ale-

229 2634 342 2692 xander
374 2635 424 2709 lde
453 2649 511 2706 qua
537 2649 570 2691 re
597 2633 632 2690 cl.
657 2632 757 2691 Daniel
781 2617 923 2691 Furianus
950 2633 1082 2691 ,Cretens
1112 2635 1337 2720 praetecum.
1360 2624 1391 2693 in
1461 2660 1464 2666 ·

231 2738 278 2795 Ar.
308 2736 344 2794 de
371 2735 475 2810 partib.
504 2753 549 2795 an.
579 2736 679 2794 Venet.
709 2731 792 2794 1574
820 2753 848 2809 p.
870 2733 924 2814 21)
959 2742 987 2794 ct
1020 2732 1168 2793 avicenna
1201 2743 1230 2794 et
1263 2737 1390 2795 Thomas

230 2837 360 2910 Aquinas
396 2834 520 2915 (Comm.
550 2838 578 2895 in
602 2840 619 2896 l.
652 2839 688 2895 de
717 2853 808 2896 sensu
835 2839 854 2894 f.
876 2835 924 2917 1),
958 2838 1035 2913 aliis
1058 2845 1206 2912 tamquam
1239 2838 1390 2913 analogiae

230 2945 342 3012 partem
365 2947 434 3011 post
456 2939 548 2998 libros
572 2943 607 2998 de
630 2940 763 3014 partibus
786 2947 815 2998 et
837 2956 937 3014 gener.
962 2941 1049 2998 anim.
1068 2939 1140 3015 (nan
1155 2959 1225 3002 vero
1243 2950 1275 3000 ut
1289 2938 1398 3002 volae?

229 3046 300 3097 runt
322 3055 388 3096 eum
411 3041 539 3113 Ephesio
563 3043 752 3116 recentiores,
777 3043 874 3100 medio
897 3042 974 3100 inter
994 3045 1013 3100 l.
1038 3044 1074 3101 de
1097 3050 1169 3116 part.
1193 3051 1221 3101 et
1236 3043 1254 3099 1.
1273 3044 1309 3100 de
1321 3045 1398 3114 gen.

229 3142 306 3214 loca,
330 3140 365 3199 ci.
389 3141 504 3200 Passeri
527 3144 636 3202 lanuac
660 3144 767 3219 disput.
793 3147 829 3202 de
852 3145 915 3202 ord.
939 3144 1039 3202 libror.
1058 3152 1151 3202 natur.
1166 3160 1201 3201 ex
1213 3143 1388 3219 lectionibus

121 3322 122 3325 Ἴ
230 3245 295 3304 eius
319 3253 454 3318 excerpta
477 3245 507 3303 in
527 3248 575 3304 ed.
601 3245 700 3305 Averr.
718 3248 762 3319 Vl,
780 3245 809 3319 1,
832 3248 887 3305 lul.
910 3247 1015 3303 Pacius
1038 3241 1068 3302 in
1092 3245 1180 3319 praei.
1205 3246 1240 3302 ad
1260 3247 1306 3304 ed.
1320 3263 1397 3320 opp.

228 3349 315 3408 Arist.
340 3344 433 3420 1597,
458 3350 588 3408 Nunnes.
610 3350 628 3407 1.
651 3366 675 3407 c.
699 3367 727 3423 p.
744 3347 881 3419 84-90,
912 3347 1074 3407 Schneider
1095 3347 1172 3404 Titne
1196 3344 1317 3429 aliique)
1346 3349 1389 3405 le·
1456 3408 1459 3410 ,

112 3472 114 3476 ·
229 3451 367 3526 gentibus
402 3438 1081 3525 (itaFurianusprael.p.13—·20.23.25.
1118 3450 1152 3506 cf.
1184 3450 1291 3523 disput.
1323 3450 1387 3509 eius

230 3553 384 3627 repetitam
407 3569 424 3610 a
448 3554 627 3613 Schneidero
651 3556 669 3613 l.
694 3571 719 3613 c.
743 3571 772 3627 p.
790 3550 971 3631 lun-alat)
997 3569 1084 3626 quem
1108 3535 1241 3611 ordinem
1256 3554 1390 3626 probavit

231 3646 362 3713 Graecos
393 3655 457 3713 sinc
491 3656 580 3714 dubio
614 3657 789 3730 interpretes
828 3655 876 3739 (cl.
908 3654 1072 3730 Olympiad.
1101 3653 1130 3711 in
1159 3655 1278 3712 Meteon.
1313 3657 1342 3711 T.
1365 3640 1400 3711 11

230 3775 258 3830 p.
276 3752 339 3814 168
355 3757 405 3828 ld,
430 3758 620 3818 Pseudoalex.
638 3760 707 3817 ibid.
724 3775 751 3832 p.
770 3754 844 3837 236)
870 3764 990 3815 secutus
1013 3754 1158 3813 riverroes
1182 3756 1218 3812 ad
1241 3755 1389 3813 blotenal

229 3859 268 3916 in.
294 3857 368 3932 Opp.
384 3859 416 3929 V,
433 3859 496 3921 404
520 3858 569 3938 (de
592 3862 735 3920 sententia
758 3859 874 3918 Alhindi
897 3861 947 3933 qni
969 3851 1123 3917 tractatum
1147 3855 1265 3929 scripsit
1288 3856 1323 3913 de
1339 3856 1387 3913 Ar.

229 3960 370 4019 librorum
394 3963 506 4034 ordine,
531 3965 565 4020 cl.
591 3964 683 4023 Casiri
699 3963 729 4035 1,
746 3960 818 4038 353,
843 3962 915 4021 nihil
937 3946 1119 4035 compertum
1143 3956 1211 4036 est).
1255 3957 1397 4040 Attamen

230 4080 321 4137 quum
348 4063 411 4122 fieri
439 4065 548 4138 possit,
581 4072 613 4122 ut
641 4067 721 4124 etin
745 4065 876 4122 clausula
903 4064 953 4121 illa
978 4062 1043 4121 libri
1068 4061 1161 4134 quarti
1186 4062 1221 4118 de
1244 4067 1316 4133 part.
1341 4075 1387 4116 an.

230 4183 284 4239 pro
308 4158 452 4246 γενέσεις
474 4164 697 4224 rescribendum
721 4166 759 4224 sit
780 4155 926 4248 κινήσεις
948 4179 1014 4220 cum
1038 4165 1192 4222 Theodoro
1209 4163 1284 4220 Gaza
1300 4161 1389 4244 inter-

230 4276 312 4343 prete
335 4269 434 4340 latino,
459 4266 508 4340 qui
531 4256 584 4323 ita:
609 4266 687 4338 „Sed
713 4270 749 4327 de
763 4270 904 4344 'partibus
927 4258 1100 4324 animalium
1112 4283 1200 4341 qnam
1217 4266 1254 4323 ob
1271 4279 1390 4322 cansam

232 4387 366 4448 quaeque
394 4371 466 4445 sint,
495 4368 603 4428 dietum
630 4363 688 4430 iem
715 4378 760 4431 est
786 4387 840 4448 per
862 4368 959 4431 omnia
981 4368 1151 4430 animalium
1173 4383 1290 4444 genera,
1315 4379 1390 4440 quae
1423 4376 1440 4410 1
