2992 5032
754 351 817 412 tto

210 523 273 582 roni
303 523 336 579 in
355 536 423 593 >qna
450 521 563 595 integra
596 520 643 578 illa
678 529 772 580 exstat
794 522 959 582 Aristotelis
988 526 1094 586 citatio.
1139 527 1249 584 Eodem
1277 529 1366 587 ritodo

209 625 367 687 verisimile
390 631 436 682 est
458 640 482 680 c.
500 619 542 681 18
564 623 716 680 Posidonii
739 625 837 681 locum
860 624 1003 682 omissum
1026 642 1096 685 esso
1117 634 1184 685 ante
1200 629 1287 687 verba
1303 630 1367 687 ilri-

98 807 102 815 Ι
209 728 323 786 stotelis
346 729 383 783 de
405 723 556 783 nobilitate
578 725 672 795 citata,
697 741 772 797 quae
794 725 967 784 Plutarchus
991 734 1141 801 opponere
1165 732 1240 789 solet
1255 730 1366 792 Aristo·

210 823 298 888 demo
320 825 484 886 Aristotelis
507 825 636 883 Politicis
656 826 767 884 nitenti
795 827 845 898 (ci.
870 844 894 885 c.
912 826 1023 900 6-’-9);
1058 830 1270 903 corrigendum¹
1288 833 1366 890 enim

211 931 277 988 sine
302 929 392 987 dubio
416 924 620 986 est-e.18·in.
649 942 702 998 pro
725 928 847 986 Philone
879 929 962 1000 (licet
989 929 1066 988 idern
1094 932 1196 990 vitium
1220 933 1306 995 etiam
1329 933 1368 991 sit

211 1032 241 1088 in
267 1046 344 1088 vers.
373 1031 438 1102 lat.)
476 1018 496 1087 ὃ
531 1021 571 1110 δὴ
606 1017 802 1110 φιλόσοφος
833 1030 891 1100 (sc.
915 1030 1027 1102 Arist).
1084 1032 1185 1091 Restat
1217 1035 1367 1092 Eudemus

212 1124 233 1216 ἢ
255 1128 332 1215 περὶ
359 1128 469 1217 ψυχῆς
500 1130 545 1202 (ίη
569 1145 627 1203 quo
650 1145 778 1202 persona
800 1136 861 1189 erat
882 1130 1004 1189 Eudemi
1029 1132 1125 1207 Cyprii
1149 1133 1250 1193 Dionis
1273 1136 1367 1206 amici,

211 1239 247 1294 ct'.
270 1236 344 1293 Phit.
369 1233 452 1292 Dion.
469 1230 543 1303 22):
568 1245 655 1304 quem
680 1231 805 1288 maxime
827 1231 889 1288 iere
912 1232 1059 1306 dialogum
1083 1243 1216 1308 spectare
1232 1237 1369 1297 videntur

212 1339 230 1396 ii
254 1336 304 1410 qni
327 1337 364 1394 de
387 1333 556 1393 discrimine
580 1332 680 1391 dicunt
702 1332 844 1390 librorum
871 1341 920 1391 ant
948 1336 1206 1396 acroamaticorum
1234 1347 1285 1397 aut
1307 1341 1369 1398 dia·

212 1438 383 1511 logicorum.
428 1435 481 1492 Hic
503 1435 581 1492 enim
604 1440 707 1492 airctor
721 1448 866 1492 sermone
891 1433 962 1493 satis
985 1438 1112 1495 rotundo
1136 1448 1165 1498 et
1187 1456 1240 1513 pro
1258 1441 1369 1500 Aristo-

213 1541 270 1598 tele
293 1547 371 1597 certe
395 1535 571 1605 sublimiori,
593 1535 846 1608 argumentatione
868 1536 954 1593 etiarn
977 1538 1121 1607 rhetorica
1144 1548 1173 1598 et
1195 1542 1317 1614 quanti
1339 1542 1369 1599 in

212 1644 319 1699 haere
342 1638 439 1695 solent
462 1636 551 1695 Stoici
581 1629 667 1715 πρὸς
688 1628 726 1696 τὸ
750 1630 901 1697 πιθανὸν
929 1638 1003 1696 iacta
1035 1640 1165 1715 disputat
1192 1643 1268 1702 sient
1290 1644 1369 1702 Plato

211 1734 348 1801 antea'et
369 1739 541 1797 Aristoteles
564 1739 616 1810 (de
629 1754 675 1797 an.
689 1735 719 1811 1,
730 1738 760 1795 t.
774 1740 857 1796 Polit.
870 1736 901 1812 8,
914 1737 949 1811 5)
973 1748 1076 1799 contra
1098 1757 1149 1802 eos
1173 1746 1223 1818 qui
1243 1747 1369 1804 animam

212 1858 280 1903 esse
304 1841 434 1899 dicerent
456 1839 592 1912 corporis·
606 1839 700 1913 ipsius
717 1847 746 1898 ct
757 1843 970 1903 elementorum
983 1844 1162 1902 harmoniam
1176 1847 1228 1917 (ct.
1239 1846 1368 1919 simplic.

213 1955 242 2006 et
256 1944 368 2016 Philop.
385 1943 422 1999 ad
435 1941 482 1998 Ar.
496 1941 514 1998 l.
528 1941 580 2011 c),
603 1942 683 1999 velut
705 1942 863 2000 etiamtunc
885 1951 1001 2015 praeter
1022 1947 1153 2004 medicos
1176 1948 1369 2007 Dicaearchus

211 2055 241 2106 ct
262 2045 311 2104 alii
334 2051 412 2103 certe
435 2051 468 2101 ut
490 2043 569 2100 omni
592 2050 726 2117 tempore
748 2045 841 2115 multi,
865 2051 952 2117 atquc
968 2045 1124 2120 insurgens
1140 2049 1229 2107 animi
1242 2051 1369 2122 quodam

212 2149 332 2217 affectu,
367 2144 416 2219 qui
444 2151 541 2202 tamen
570 2160 606 2202 cx
634 2153 717 2218 parte
744 2147 869 2218 quadam
897 2146 1080 2207 Ciceroniani
1107 2150 1255 2208 sermonis
1281 2151 1369 2208 nitori

212 2249 441 2320 debetursdcos
464 2261 531 2305 csse
554 2246 662 2304 asserit
684 2254 718 2304 et
735 2248 869 2304 ordinem
897 2251 999 2309 mundi
1029 2251 1159 2309 divinum
1184 2251 1370 2325 divinamque

212 2352 341 2410 hominis
367 2349 496 2405 animam
523 2354 552 2404 et
580 2347 774 2405 immortalem
808 2364 883 2420 qnae
910 2351 995 2408 sicuti
1028 2352 1057 2408 in
1092 2360 1202 2411 somno
1220 2354 1369 2426 seipsam

213 2452 302 2524 qtrasi
326 2447 471 2519 recipiens
499 2446 616 2518 colligat
644 2445 683 2502 ita
708 2455 776 2518 post
803 2457 927 2506 mortem
956 2466 973 2507 a
1000 2452 1132 2526 corporis
1161 2454 1284 2512 vinculis
1311 2430 1370 2514 sol-

211 2557 296 2608 vatm’·
329 2549 358 2605 in
392 2548 481 2606 vitam
515 2548 628 2605 beatam
663 2546 882 2618 (eldrianii.
907 2565 952 2622 ap.
978 2551 1035 2609 Cic.
1060 2569 1088 2610 n.
1114 2555 1140 2611 d.
1162 2554 1192 2624 2,
1209 2553 1259 2616 at.
1279 2557 1368 2616 Sext.

211 2650 321 2726 llmpir.
345 2666 372 2724 p.
389 2645 452 2709 395
474 2647 562 2713 Bekk.
594 2664 669 2722 quae
692 2665 729 2708 ex
751 2652 808 2708 hoc
830 2649 945 2724 dialogo
969 2653 1056 2711 ducta
1078 2669 1147 2712 esse
1169 2670 1208 2712 eo
1228 2664 1274 2715 cst
1294 2659 1371 2716 veri·

212 2753 338 2814 similius
367 2753 447 2826 quod
473 2765 530 2808 nec
555 2759 671 2822 practer
698 2754 777 2811 hunc
804 2751 851 2810 alii
878 2753 1057 2812 conveniunt
1083 2755 1141 2813 nisi
1168 2757 1242 2814 torte
1269 2759 1370 2831 ignoto

212 2856 263 2916 illi>
277 2847 355 2935 περὶ
377 2842 472 2932 εὐχῆς
495 2858 524 2909 et
545 2853 668 2917 Eudemi
691 2858 853 2930 fragmento
875 2855 953 2928 apud
975 2855 1050 2913 Plut.
1068 2855 1155 2915 Gens.
1173 2859 1315 2932 adhpolh
1329 2859 1370 2921 27

212 2957 361 3016 simillima
384 2955 477 3026 sunt).
523 2953 601 3012 Haec
628 2964 707 3030 patet
734 2957 827 3029 magis
849 2958 937 3015 etiam
960 2972 1047 3031 quam
1070 2958 1176 3017 liinum
1198 2960 1370 3020 demando

213 3072 317 3130 sapere
338 3054 527 3112 'Academiam
551 3054 602 3123 (ei.
627 3058 663 3113 de
686 3058 719 3114 sr.
743 3059 809 3115 libri
833 3077 871 3118 rr.
894 3051 1104 3141 φιλοσοφίας
1123 3072 1170 3134 ap.
1196 3062 1296 3136 Simpl.
1313 3063 1370 3121 lta·
1445 3071 1451 3085 ‘

212 3158 408 3220 vaissonsur
429 3155 457 3212 la
479 3151 544 3212 not.
562 3155 582 3224 l,
600 3152 666 3227 68),
689 3157 849 3214 abhorrere
871 3173 941 3216 vero
966 3167 996 3216 ut
1018 3160 1176 3232 plurimum
1200 3165 1238 3222 ah
1259 3165 1370 3223 Aristo·

211 3261 277 3324 telis
301 3259 471 3319 studiorum
489 3253 615 3324 ratione,
645 3255 735 3313 immo
761 3257 880 3330 ingenio
909 3259 974 3316 eins
997 3276 1066 3318 csse
1088 3277 1211 3333 prorsus
1235 3265 1370 3339 indigum

198 3364 327 3439 ¹qnippe
356 3361 402 3419 cui
436 3374 493 3416 una
523 3372 591 3415 vera
622 3343 769 3430 theologia
802 3358 841 3417 sit
867 3360 960 3432 prima
987 3362 1174 3436 philosophia
1201 3382 1276 3438 qnae
1302 3367 1370 3425 iicet

212 3467 366 3524 obscurata
381 3496 384 3500 <
401 3459 471 3518 insit
497 3466 594 3517 tamen
623 3457 678 3531 ipsi
706 3459 839 3532 populari
867 3461 1001 3535 religioni
1030 3464 1275 3540 (Metaph.11‚=8
1298 3485 1370 3541 qua·

138 3641 141 3646 ¹
211 3572 332 3640 propter
361 3562 406 3620 rel
433 3562 512 3636 vulgi
539 3561 712 3636 placitorum
739 3561 886 3621 interdum
915 3564 1005 3623 verho
1032 3567 1174 3625 rationem
1200 3568 1303 3639 hahet,
1331 3572 1369 3627 de

142 3650 144 3653 ¹
213 3665 301 3724 Coelo
318 3661 347 3735 t,
365 3662 394 3723 9.
419 3665 454 3723 ci.
479 3664 542 3723 Eth.
560 3662 611 3733 10,
626 3659 678 3733 8),
706 3664 908 3724 immortalitas
934 3680 1004 3725 nero
1033 3685 1121 3741 quam
1148 3671 1240 3726 credit
1261 3671 1367 3741 vulgus

212 3767 376 3826 animarum
399 3765 463 3824 eius
487 3765 523 3823 de
545 3765 694 3824 intellectu
712 3765 849 3834 doctrina
871 3769 959 3840 plane
982 3776 1180 3837 removeatur,
1211 3768 1249 3824 ita
1269 3774 1368 3826 tamen
1423 3767 1436 3776 ”

212 3878 245 3928 ut
276 3883 437 3941 nmnquam
474 3866 538 3939 ipsa
572 3873 797 3925 commemorata
830 3868 972 3939 refutetur
998 3885 1014 3925 a
1040 3869 1109 3925 viro
1129 3867 1190 3926 scil.
1210 3868 1369 3927 sensualis

212 3969 377 4042 theologiae
399 3968 486 4040 plane
509 3968 658 4026 incurioso
687 3967 743 4024 nisi
771 3967 851 4041 qaod
873 3977 906 4027 ut
928 3960 989 4027 iere
1011 3970 1108 4026 solent
1128 3967 1298 4045 philosophi
1321 3971 1369 4028 dei

212 4073 303 4132 utitur
336 4070 479 4128 vocabulo
507 4086 561 4144 pro
588 4067 751 4129 substantia
778 4068 965 4128 intellectuali
994 4070 1175 4144 designanda
1202 4070 1369 4145 mentisque

212 4177 276 4249 lege
298 4180 327 4231 et
347 4172 524 4230 necessitate
547 4171 689 4229 mundum
712 4177 848 4229 movente
876 4186 983 4244 resque
1011 4186 1115 4230 omnes
1141 4173 1288 4232 movendo
1311 4173 1369 4234 ior-

212 4284 310 4337 mante
343 4274 538 4347 (quapropter
560 4280 686 4346 etquae
714 4271 783 4330 inde
809 4282 906 4331 manat
932 4272 1060 4331 hominis
1084 4287 1169 4331 mens
1192 4274 1254 4333 sive
1276 4276 1369 4334 torma

212 4381 339 4436 hnmana
368 4375 463 4433 divina
490 4373 597 4432 dicitnr
624 4374 658 4431 ci.
682 4373 745 4430 Eth.
764 4372 814 4444 10,
831 4374 859 4434 7.
887 4376 925 4431 de
953 4389 1018 4446 gen.
1043 4372 1313 4446 3125184110
1342 4383 1369 4432 et
