2954 5034
778 353 817 413 52

221 506 360 590 totalitate
393 527 588 601 philosophus
614 533 658 582 est
686 525 723 581 ite
752 531 784 581 ut
811 525 991 597 problemata
1019 538 1137 596 quoque
1171 524 1235 581 eins
1263 508 1379 596 perdita

138 623 141 628 ’
220 632 267 689 his
289 646 377 704 quam
399 629 596 702 posteriorum
619 625 841 686 collectionibus
868 624 1065 688 tumultuariis
1088 624 1272 698 servansque
1296 624 1379 682 simi-

221 733 293 791 liora
316 731 408 789 tuisse
430 730 592 799 videantur,
616 735 648 784 nt
670 729 901 785 consentaneum
930 733 975 784 est
997 725 1062 783 eius
1084 725 1175 782 lihros
1198 725 1280 784 initia
1299 728 1379 784 'lerre

149 855 153 859 ²
222 834 286 892 eins
320 831 440 891 rationis
473 845 566 903 quamv
597 828 808 902 discipulorum
843 828 995 886 delectatio
1029 808 1154 885 maxime
1189 828 1379 902 sequebatur,

222 935 366 1015 perfectae
389 931 477 989 simul
499 930 702 1004 philosophiae
726 937 755 988 et
775 929 805 987 in
822 929 884 1003 ipsa
903 928 1083 1002 perfectione
1099 929 1259 987 exhaustae
1282 931 1379 1004 adque

223 1034 416 1097 eruditionem
445 1039 474 1089 et
501 1031 651 1090 historiam
686 1030 849 1088 delabentis
883 1029 1012 1102 speciem
1026 1029 1130 1102 ”qnasi
1164 1031 1380 1105 coniungentes

222 1141 466 1209 praeceptumque
494 1148 509 1188 a
532 1131 653 1189 Platone
678 1131 847 1189 inveniendi
875 1139 904 1190 et
930 1130 1088 1190 novitatem
1115 1139 1144 1189 et
1170 1132 1380 1191 fecunditatem

223 1234 387 1310 argumenti
421 1232 498 1290 certa
524 1231 637 1290 ratione
665 1231 905 1304 viaque‘tractati
933 1232 1114 1304 plenitudiue
1141 1238 1380 1306 compensantes,

224 1339 263 1395 ita
278 1337 444 1401 abhorrere
471 1340 500 1391 et
520 1352 537 1392 a
558 1334 688 1393 Platonis
711 1333 855 1406 discipulo
884 1339 913 1390 et
935 1349 952 1391 a
974 1333 1150 1406 philosopho
1178 1333 1283 1407 ingens
1296 1318 1381 1391 'illud

224 1446 253 1497 ct
274 1435 445 1495 incredibile
467 1435 675 1511 polyhistoriae
698 1444 727 1494 et
741 1434 949 1509 polygraphiae
965 1434 1095 1492 studium
1111 1437 1192 1508 quod
1207 1435 1271 1493 eins
1287 1435 1381 1493 luisse

224 1539 275 1612 (cf.
298 1538 428 1596 Niebuhr
455 1521 538 1593 1111111.
567 1537 671 1595 Gesch.
696 1539 716 1608 l,
738 1533 780 1593 14
807 1536 895 1594 edd
922 1535 1055 1608 aliosque
1084 1537 1208 1608 multos)
1237 1551 1383 1609 vperversa

223 1638 486 1698 Alexandrinorum
501 1637 765 1711 pseudepigraphia
781 1636 979 1710 posteriorum
995 1636 1256 1709 persuasionum,
1280 1644 1383 1704 aucto-

222 1742 307 1799 ritate
328 1740 417 1814 igitur
439 1753 536 1796 carere
563 1739 653 1796 libros
681 1753 784 1796 omnes
812 1738 862 1810 qui
890 1745 940 1795 aut
965 1754 1046 1796 mere
1074 1739 1132 1796 sint
1165 1747 1194 1796 et
1216 1738 1382 1812 argumenti

224 1841 347 1900 consilio
370 1839 575 1911 sermonisque
602 1855 710 1914 genere
733 1838 868 1897 rhetorici
886 1841 927 1897 ad
950 1840 1165 1898 Platonicorum
1188 1853 1287 1898 mores
1311 1850 1382 1898 sen·

223 1941 388 2014 tertiasque
410 1942 583 1999 aecedentes
606 1948 656 2000 ant
677 1957 757 1998 mere
779 1939 909 1998 historici
925 1948 1045 2014 arteque
1061 1949 1090 1999 et
1104 1940 1220 1999 consilii
1236 1939 1381 2022 explicato

224 2059 302 2106 nexu
324 2043 410 2116 plane
433 2050 565 2100 carentes
588 2050 617 2101 et
639 2042 701 2100 sive
724 2041 844 2100 omniuo
866 2032 1081 2116 a'philosopno
1104 2028 1191 2100 alieni
1215 2041 1276 2100 sive
1299 2045 1382 2114 quod

223 2146 302 2207 hunc
328 2144 426 2218 ipsum
453 2144 537 2216 qnasi
564 2151 798 2202 commentantur
830 2150 1019 2201 retractantes
1053 2151 1081 2200 et
1109 2142 1269 2216 compilant
1292 2149 1322 2200 et
1346 2143 1379 2200 in

222 2245 428 2320 compendium
450 2246 587 2318 redigunt
609 2245 772 2303 secundum
788 2258 898 2302 morem
914 2243 1110 2303 Alexandrina
1124 2251 1217 2302 aetate
1228 2250 1379 2317 receptum

222 2363 356 2420 novaque
378 2347 541 2403 litterarum
564 2362 672 2418 genera
695 2346 845 2403 ferentem.

308 2447 351 2517 Ad
373 2444 500 2516 primum
523 2460 617 2517 genus
640 2446 786 2517 pertinent
808 2447 914 2519 dialogi
938 2447 956 2504 i.
981 2463 1006 2504 e.
1030 2447 1096 2505 lihri
1119 2447 1255 2505 exoterici
1279 2446 1376 2520 (Alex.

222 2547 251 2603 in
275 2541 530 2617 1011211125),
569 2547 605 2602 ad
638 2545 761 2610 alterum
795 2547 893 2605 omnia
926 2547 975 2606 illa
1007 2538 1263 2628 ὑπομνηματικοὶ
1297 2550 1377 2622 (sive

219 2641 381 2727 μονοειδῆ
414 2646 510 2719 qualis
544 2645 631 2702 etiam
664 2642 742 2728 περί
775 2637 948 2730 ἑρμηνείας
981 2649 1055 2707 liber
1080 2647 1297 2709 barraeano
1326 2651 1376 2724 qui

220 2749 297 2806 idem
320 2749 394 2806 liher
416 2741 495 2828 περὶ
515 2738 711 2830 προτάσεων
727 2757 848 2807 vocatur
862 2751 973 2824 Philop.
992 2749 1144 2812 1951140.
1163 2750 1234 2824 196,
1246 2750 1275 2810 5.
1290 2753 1374 2811 illex.

220 2851 249 2907 111
273 2850 342 2922 Top.
360 2846 420 2907 261
446 2858 474 2907 οι
496 2851 659 2924 categoriae
682 2853 749 2910 Sch.
765 2849 899 2912 471140.
916 2853 967 2924 44,
992 2853 1053 2910 sive
1077 2844 1216 2913 ποικίλα
1239 2843 1373 2930 111υύμ-

154 3133 160 3141 ·
219 3045 294 3128 δίχα
323 3043 510 3131 προοιμίων
540 3045 597 3110 καὶ
621 3043 789 3134 ἐπιλόγων
816 3049 872 3114 καί
897 3054 955 3138 τῆς
986 3046 1179 3137 πρεπούσης
1201 3049 1373 3120 ἑκδόοεσιν

219 3144 427 3234 ἀπαγγελίας
451 3154 547 3211 David.
564 3152 615 3224 24,
632 3151 674 3212 38
696 3156 731 3213 ci.
749 3153 859 3213 24117.
877 3155 918 3216 10
945 3165 993 3214 ant
1016 3168 1092 3231 qnae
1114 3159 1191 3218 sicut
1214 3161 1285 3219 dixit
1305 3160 1372 3218 Ale-

216 3259 327 3315 xander
351 3258 420 3329 (ap.
446 3255 547 3328 Simpl.
572 3252 789 3329 8111241101.)
825 3252 1087 3339 συμπεφυρμένα
1119 3256 1175 3323 καὶ
1206 3255 1251 3343 μή
1285 3255 1373 3343 πρὸς

215 3350 273 3418 ἕνα
295 3348 437 3430 σκοπόν,
467 3359 503 3414 de
532 3373 656 3429 quornm
685 3359 961 3416 commentariorum
990 3365 1268 3436 unoquoqueavalet
1291 3366 1370 3437 quod

214 3460 250 3518 de
285 3476 342 3517 nno
377 3459 505 3531 quodam
540 3447 738 3539 (ὑπόμνημα
767 3445 787 3520 ὃ
813 3450 1037 3543 ἐπιγράφεται
1072 3457 1165 3547 παρὰ
1191 3459 1250 3548 τήν
1280 3458 1371 3536 λέξιν

213 3559 313 3632 Simpl.
338 3557 559 3632 8111471142)
593 3561 663 3619 dicit
696 3562 864 3635 Simplicius
890 3564 921 3620 in
950 3562 1156 3625 1111471142
1189 3567 1369 3638 (secundum

212 3657 403 3731 Porphyrium
427 3667 459 3719 nt
448 3661 541 3719 tlere
565 3679 682 3735 semper
705 3664 806 3736 citans,
831 3665 858 3722 id
884 3666 962 3739 quod
980 3668 1086 3724 docent
1100 3668 1189 3725 verba
1204 3668 1368 3725 consimilia

211 3756 336 3829 Dexippi
355 3757 529 3831 antiquioris
553 3763 618 3820 Sch.
636 3761 687 3834 48,
704 3762 745 3824 27
758 3781 822 3839 sqq
839 3766 905 3826 4711
922 3763 963 3825 35
976 3783 1040 3839 sqq
1066 3769 1100 3823 cf.
1118 3767 1185 3825 4011
1201 3757 1301 3836 10)“
1281 3785 1367 3851 οπερ

209 3847 239 3916 εἰ
261 3847 318 3917 καί
337 3874 426 3917 τισιν
448 3848 488 3919 οὗ
510 3856 602 3922 δοκεῖ
622 3854 757 3945 γνήσιον
779 3859 1043 3949 Αριστοτέλους,
1074 3857 1161 3926 ἄλλοί
1182 3857 1273 3941 τινός
1294 3861 1366 3930 ἔστι
1388 3950 1393 3954 ¹

96 3953 99 3957 ’
142 3976 144 3981 “
207 3948 341 4030 πάντας
374 3955 440 4018 τῶν
477 3949 548 4020 απὸ
585 3960 721 4046 σχολῆςι
766 3975 945 4042 quapropter
981 3969 1098 4042 (Simpl
1132 3969 1364 4046 8111241111)

205 4055 299 4120 dcxci
317 4051 363 4140 μὴ
387 4049 496 4143 πάντη
519 4061 670 4148 σπουδῆς
692 4054 826 4141 αξια
794 4088 890 4144 ειναι
901 4061 966 4130 dni
990 4058 1070 4131 ουδὲ
1091 4060 1362 4134 πιστουνταιᾶπ’

202 4151 374 4222 αὐτῶν
332 4180 375 4220 τα
394 4159 454 4223 τοῦ
477 4154 672 4249 φιλοσόφου
695 4161 855 4252 δόγμιατα
901 4172 984 4230 Tales
1008 4180 1077 4231 snnt
1100 4188 1205 4231 omnes
1220 4174 1280 4232 fere
1295 4175 1361 4232 libri

199 4278 275 4335 quos
302 4272 436 4322 recenset
462 4263 551 4325 index
578 4267 716 4343 Diogenis
742 4290 784 4333 τα
810 4266 1055 4355 συνταγματικα
1085 4277 1200 4349 (David
1216 4275 1355 4349 241111)

163 4361 255 4421 ·sere
281 4365 525 4437 praetermittens.
573 4365 703 4438 Quorum
732 4376 843 4446 primos
872 4393 1017 4452 ponamus
1045 4378 1110 4438 illos
1137 4392 1247 4439 meram
1275 4395 1355 4437 corn-
