2992 5032
681 319 745 385 119

138 487 310 562 saepissime
333 479 462 570 εἴρηται
485 488 557 568 illud
571 488 744 553 Aristotelis
766 509 819 565 pco
842 510 878 557 eo
901 495 980 568 quod
1004 487 1243 578 cstac'pry'oacoc
1260 509 1292 558 61

135 603 189 662 per
209 604 242 648 se
265 590 341 653 satis
360 606 522 664 congruum
545 599 591 651 cst
613 598 644 648 et
662 592 756 661 variis
775 593 921 671 interdum
933 597 1109 683 lectionibus
1122 599 1226 672 (4201)
1239 599 1288 665 21.

134 691 169 748 61.
185 689 260 764 421,
277 691 315 765 6)
339 692 481 766 probatur
508 699 536 750 et
564 693 707 768 exemplis
728 695 891 776 manifestis
914 696 1024 767 multis,
1047 697 1289 778 6166128111)

134 788 184 853 13.
202 788 274 866 539,
291 793 334 854 20
359 791 449 866 (731,
463 792 529 866 29).
547 790 619 863 696,
636 791 686 859 ,12.
704 793 788 857 1174
803 791 857 854 53.
875 792 968 868 1366,
985 795 1035 854 21.
1053 797 1160 858 cloto
1176 797 1217 858 28
1233 808 1288 858 616.

133 890 396 965 iisqueomnihus
422 894 472 954 uhi
499 895 660 969 perlectum
687 896 760 957 illud
787 897 1002 977 contradicitur
1022 899 1163 972 temporis
1186 899 1288 975 delini.

132 992 213 1051 lione
245 1002 325 1056 certa
358 1004 387 1055 et
414 996 531 1056 diserta.
578 996 663 1065 Quod
691 998 731 1057 ita
758 1006 787 1058 ot
813 997 875 1056 lieri
906 997 1040 1070 potuisse
1063 1006 1092 1057 et
1114 1000 1287 1081 saepissime

131 1094 192 1152 lere
215 1094 278 1154 fieri
299 1097 328 1156 in
352 1099 490 1159 omnibus
513 1099 704 1173 scriptoribus
721 1101 774 1173 qui·
787 1099 955 1163 universam
967 1100 1112 1179 quendam
1126 1101 1287 1174 doctrinam

129 1195 255 1271 *eiusque
287 1207 386 1272 partes
420 1201 471 1260 diu
493 1208 680 1281 praeparatas
701 1202 820 1276 tradunt
842 1201 937 1274 quivis
960 1201 1063 1279 videt„
1093 1201 1177 1261 Certa
1198 1202 1287 1276 igitur

127 1285 297 1367 testimonie
323 1301 386 1360 solu
413 1304 485 1369 haec
512 1312 582 1368 sunt
614 1303 664 1362 uhi
692 1304 744 1365 vel
766 1302 858 1370 loturi„
878 1319 950 1361 usus
984 1303 1074 1374 (adde
1097 1303 1153 1378 adj.
1175 1305 1283 1371 rachal.

128 1393 277 1475 λεκτέον)
299 1403 345 1462 vol
365 1402 536 1477 imperfecti
552 1397 741 1487 (e’le‘yopcc)
770 1406 816 1464 vol
843 1406 954 1464 adiecta
976 1404 1120 1478 quaedem
1143 1404 1284 1477 temporis

128 1501 259 1563 definitio
286 1509 421 1564 accurata
448 1494 628 1587 (πρότερον
650 1539 691 1550 --
712 1499 863 1585 ὕστερον)
891 1522 1008 1564 omnem
1029 1506 1172 1580 ‚prohihet
1199 1505 1283 1575 dubi-

126 1602 275 1669 tationem.
324 1605 515 1677 imperativus
548 1610 637 1668 modo
671 1610 785 1679 loturae
818 1608 1000 1682 quaestionis
1030 1614 1075 1665 est
1101 1608 1189 1665 modo
1216 1622 1283 1680 per·

127 1704 234 1778 lectae,
258 1706 337 1787 velut
356 1706 406 1778 uhi
430 1707 537 1768 dicitur
559 1699 708 1792 εἰρήσθω
732 1717 762 1768 61
784 1709 958 1782 saepissime
970 1699 1054 1773 ἔστω
1066 1705 1281 1781 (oleatum)

126 1813 155 1864 et
174 1797 304 1871 κείσθω
326 1797 361 1870 ἒν
384 1841 424 1848 -
448 1807 558 1883 (1456,
579 1808 630 1871 35.
665 1818 847 1886 quapropter
863 1811 908 1867 vel
925 1808 1011 1869 1925
1028 1809 1060 1876 1:
1090 1795 1137 1883 εἷς
1154 1803 1282 1897 Ιἐκεῖνον

124 1900 321 1991 adoratorio
342 1899 542 1978 ἀποκείσθω
565 1929 625 1976 non
649 1921 681 1972 ut
703 1913 851 1986 deopere
874 1912 972 1970 tuturo
995 1912 1140 1996 intelligas
1157 1927 1280 1974 necesse

125 2011 195 2081 cst).
241 2011 295 2070 Ubi
318 2013 440 2074 verbum
471 2014 585 2077 linitum
613 2013 764 2080 omissum,
781 2020 835 2087 cst,
858 2013 920 2070 scil.
945 2002 1030 2087 ἐστι’,
1058 2014 1138 2086 quod
1165 2013 1226 2073 lere
1249 2013 1280 2071 lit

125 2111 155 2169 iu
178 2112 313 2171 formulis
325 2113 382 2171 illis
399 2108 501 2195 δῆλον
511 2108 548 2175 ἐκ
560 2147 600 2156 —
613 2116 675 2173 sive
688 2102 842 2196 φανερόν,
865 2098 975 2183 ἄλλος,
989 2130 1013 2171 s.
1037 2105 1147 2194 ἕτερος
1170 2102 1278 2193 λόγος,

125 2226 213 2285 saepe
236 2212 266 2270 id
288 2229 340 2286 pro
364 2205 458 2281 ἔσται
480 2215 692 2288 accipiendum.
1007 2290 1009 2295 Ι

207 2314 268 2373 Hac
290 2314 378 2390 igitur
394 2316 512 2375 'ratione
535 2316 560 2374 si
584 2315 737 2376 citationes
750 2311 921 2392 sequimur,
948 2314 1041 2387 prima
1064 2314 1181 2377 luerunt
1203 2329 1278 2386 quae

121 2414 290 2488 micipsa
311 2418 497 2491 philosophia
519 2418 611 2493 prima
635 2424 705 2476 sunt
726 2415 850 2501 eiusque
880 2414 963 2486 quasi
991 2423 1094 2488 parant
1116 2415 1277 2496 introitum,

122 2516 216 2589 logica
239 2518 345 2591 scripta
367 2527 396 2578 et
418 2536 454 2578 ea
475 2521 584 2594 quihus
606 2519 727 2577 omnino
749 2515 918 2589 disputandi
942 2515 1072 2597 methodi
1096 2517 1279 2592 explicantur

77 2610 79 2615 ’
120 2616 227 2690 Topica
249 2627 278 2677 et
300 2620 417 2693 quihus,
441 2637 517 2694 qnae
539 2636 625 2679 verae
648 2618 815 2680 dialecticae
842 2623 887 2674 est
915 2600 1055 2694 ὄργανον
1077 2617 1184 2688 (Waitz
1209 2617 1276 2691 Org.

120 2719 153 2790 lt,
170 2717 247 2793 293)
270 2729 304 2780 ,et
330 2723 550 2796 philosophicae
578 2720 805 2782 demonstrativa
826 2703 1018 2786 ratiocinatio,
1041 2714 1219 2790 4116111166.Ι
1242 2717 1278 2779 Et

53 2887 56 2900 Ι
119 2820 225 2895 Topica
247 2823 365 2894 quidem
386 2831 455 2888 ante
478 2822 627 2896 Anelytica
648 2835 717 2880 csse
739 2819 856 2902 scripto,
879 2817 908 2875 id
926 2833 1017 2891 quum
1030 2832 1062 2877 so
1074 2817 1200 2875 invicem
1212 2816 1276 2901 sine

119 2921 261 2995 temporis
287 2922 436 2983 additions
463 2937 582 2997 semper
613 2922 702 2981 citent
729 2921 769 2987 ita
799 2926 831 2977 ut
854 2918 991 2977 omnihus
1017 2918 1090 3004 locis
1113 2919 1274 2993 perlectum

119 3011 251 3103 εἴρηται
277 3039 369 3087 sensu
395 3025 485 3084 futuri
507 3023 599 3097 accipi
623 3022 725 3097 possit
745 3023 830 3094 (Top.
847 3017 878 3092 8,
895 3017 946 3078 11.
964 3015 1014 3078 13.
1039 3019 1120 3102 Anat.
1137 3038 1180 3095 pr.
1198 3018 1272 3091 1,1.

119 3119 216 3197 30.2‚
233 3122 300 3199 17),
335 3142 371 3186 ex
404 3126 536 3201 ipsorum
568 3133 666 3184 mmen
699 3124 840 3186 librorum
871 3121 984 3205 ratione
1018 3119 1190 3191 certissime
1216 3122 1273 3193 iarn
1304 3130 1305 3133 ’

119 3226 257 3289 omnihus
278 3235 394 3288 constat
403 3266 405 3269 -
415 3229 467 3302 (cl.
480 3227 605 3286 licendis
621 3226 813 3298 Reihenlolge
825 3223 1065 3296 116151161161666
1078 3221 1145 3295 Org.
1158 3238 1186 3293 p.
1200 3219 1271 3307 253.

116 3324 206 3400 258).
229 3390 231 3393 ,
251 3329 333 3391 Sicut
354 3338 451 3390 autem
470 3327 845 3403 ipsorumhnalyticorum
868 3324 962 3397 prima
983 3339 1052 3397 pars
1076 3315 1131 3394 (τὰ
1154 3319 1276 3401 πρῶτα,

117 3430 172 3488 An.
196 3437 271 3501 post.
288 3429 318 3501 2,
335 3428 385 3489 12.
401 3430 453 3504 96,
470 3429 488 3489 1
505 3453 540 3480 =
556 3448 600 3504 pr.
616 3430 646 3503 2,
663 3426 691 3488 5.
716 3425 839 3485 Brendis
854 3440 882 3496 p.
899 3422 977 3494 260)
1001 3423 1035 3490 111Ι
1054 3422 1185 3497 secunda
1198 3429 1272 3481 tam

118 3543 205 3602 quam
228 3533 414 3602 praecedens,
432 3533 577 3591 indicatur
599 3529 650 3599 (cl.
675 3526 762 3584 etiam
784 3522 875 3582 totius
898 3516 1271 3597 11611666166661.2,19),
1323 3512 1326 3517 ’

117 3629 299 3711 itaTopica‚
327 3632 436 3706 quihus
462 3631 575 3705 primus
603 3625 785 3696 Aristotcles
801 3623 895 3697 primo
923 3638 1012 3697 opere
1038 3631 1128 3703 ortem
1151 3625 1271 3705 syllogi-

117 3733 219 3799 sticam
254 3732 388 3806 (Elcuch.
404 3728 455 3798 33.
472 3728 544 3803 187,
560 3725 601 3788 37
613 3742 678 3801 sqq.
703 3726 738 3783 cl.
761 3727 830 3799 Top.
846 3721 877 3798 8,
894 3723 923 3785 5.
935 3722 1017 3808 159,
1033 3721 1075 3784 34
1091 3729 1173 3800 sqq.)
1208 3727 1269 3786 sire

115 3834 273 3898 methodos
310 3834 554 3907 inveniendorum
592 3827 831 3904 syllogismorum
874 3818 910 3888 ἐκ
947 3824 1012 3886 cciv
1054 3816 1270 3908 ὑπαρχόντων

116 3932 224 4008 (1555·
235 3933 270 4010 7)
293 3935 512 3996 dialecticorum
534 3934 616 4009 prius
637 3925 735 4013 τριβῇ
757 3924 835 4001 (184
853 3921 912 4003 52)
927 3929 1094 4011 celebratas
1118 3930 1271 4004 explicavit

115 4037 210 4111 ipsius
234 4037 400 4112 syllogismi
420 4045 552 4096 naturam
574 4040 678 4108 postea
698 4029 885 4105 quaesiturus
909 4038 938 4088 et
960 4046 1034 4105 quae
1057 4047 1091 4089 ex
1116 4046 1151 4090 ea
1161 4032 1270 4105 pendet

116 4139 349 4212 philosophicam
372 4136 662 4204 demonstrationem,
686 4132 803 4191 duobus
825 4138 960 4193 constant
982 4130 1124 4205 pertidus,
1147 4131 1176 4190 id
1190 4131 1268 4204 quod

48 4223 52 4230 ’
116 4239 269 4312 1666616
295 4239 424 4306 universa
453 4238 569 4313 epilogo
597 4235 715 4293 stenen.
732 4228 773 4292 33
796 4233 952 4307 exponitur
975 4233 1026 4304 (u.
1049 4233 1092 4290 m.
1109 4231 1128 4288 2
1144 4231 1193 4289 on.
1217 4230 1267 4319 usi
1325 4281 1327 4284 ,

116 4341 192 4400 sieut
220 4353 308 4412 saepe
335 4339 365 4396 in
385 4340 495 4414 ethicis
524 4348 553 4398 et
581 4335 711 4412 physicis
738 4334 860 4409 primam
887 4343 999 4410 partem
1023 4332 1090 4397 dicit
1116 4325 1157 4390 cd
1180 4317 1267 4401 ἄλλα
