3196 5232
709 423 772 492 133

38 638 42 642 -
161 598 328 660 necessaria
355 601 535 674 speculantis
562 599 720 676 figmentis.
758 600 835 678 ,Nec
860 600 886 658 sl
914 598 1072 673 cogitasset
1097 598 1184 658 locus
1212 597 1317 656 luisset

159 710 226 774 post
248 702 372 777 Physica
400 711 500 762 marte
524 701 687 778 interrupta
713 701 939 762 theoreticarum
961 701 1183 774 disciplinarum
1205 699 1316 761 tertiae.

159 801 343 878 Quapropter
365 805 482 878 spurios
506 805 599 864 luisse
626 820 729 864 omncs
757 820 865 864 censeo
894 803 943 877 qai
966 803 1130 862 Aristotelis
1154 803 1319 862 secundum

158 906 270 965 indices
293 889 453 966 Andronici
477 914 505 965 et
527 907 686 966 Ptolemaei
708 907 877 966 lerchantur
905 907 982 979 apud
1005 913 1120 964 veteres
1142 905 1235 964 lihms
1257 921 1319 964 ma·

156 1009 339 1092 thematicos,
363 1021 380 1066 e
403 999 511 1082 quihus
534 1017 789 1082 commentatores,
814 1011 863 1083 qui
886 1009 932 1067 vel
954 1023 990 1066 ex
1003 1007 1070 1080 ipsa
1081 1007 1144 1064 sola
1155 1005 1319 1066 Aristotelis

157 1112 335 1171 theoreticae
368 1111 572 1186 philosophiae
606 1111 750 1170 divisione
785 1113 924 1184 (Melaph.
941 1107 1016 1183 5,1.
1041 1109 1076 1166 01.
1101 1115 1176 1168 auct.
1200 1108 1250 1166 lih.
1267 1105 1319 1180 10,

157 1208 187 1271 3.
204 1213 241 1285 4)
264 1215 301 1274 de
324 1213 536 1274 mathematicis
559 1215 624 1274 eins
646 1215 764 1288 scriptis
785 1215 927 1289 ‘persuasi
950 1220 1033 1271 erant
1059 1213 1111 1284 (cl.
1135 1211 1227 1270 David
1248 1211 1320 1270 Pro-

157 1316 233 1388 legg.
257 1333 286 1390 p.
303 1315 395 1388 lah),
419 1329 471 1374 eos
495 1316 556 1374 lere
579 1317 661 1376 solos
683 1317 773 1375 citam
794 1316 901 1389 (llavld
916 1316 946 1374 in
962 1315 1023 1373 Cat.
1037 1311 1087 1385 25,
1101 1310 1151 1373 34.
1169 1313 1271 1386 Simpl.
1288 1312 1319 1370 in

158 1415 219 1474 Gal.
243 1417 262 1475 l.
278 1413 314 1490 3)
338 1429 413 1490 quos
436 1433 515 1478 nuno
538 1433 656 1492 quaque
679 1418 814 1493 legimus,
838 1435 879 1478 sc.
903 1418 1070 1478 llechanica
1092 1418 1141 1475 illa
1164 1424 1192 1476 ct
1212 1416 1319 1476 librum

158 1512 322 1600 περὶτῶν
344 1507 478 1598 ἀτόμων
499 1517 658 1604 γραμμῶν
681 1521 731 1595 (cf.
756 1521 835 1580 Ptol..
855 1523 953 1580 chr.
971 1518 1049 1594 143)
1073 1522 1109 1578 ah
1133 1519 1197 1580 aliis
1224 1519 1319 1576 Theo*

159 1623 280 1693 phrasln
302 1623 483 1702 adscriptum
511 1623 559 1697 (h.
577 1625 608 1682 L.
627 1620 655 1696 5,
672 1623 714 1682 42
737 1623 766 1681 in
790 1625 850 1683 ind.
874 1623 1043 1696 Andronici,
1068 1623 1103 1680 cl.
1128 1619 1266 1680 Themist.
1285 1627 1320 1678 et

158 1723 288 1797 simplic.
314 1725 350 1785 de
374 1726 456 1784 coelo
470 1725 536 1784 Sch.
549 1727 597 1784 Br.
615 1724 701 1786 5th
717 1724 784 1800 11),
808 1728 843 1786 ad
866 1734 1002 1786 neutrum
1015 1725 1141 1784 l'ortasse
1153 1718 1318 1798 pertinens:

158 1823 345 1889 Aristotelem
368 1828 456 1901 araim,
480 1829 530 1902 qui
546 1845 715 1904 numquam
742 1830 772 1886 ln
795 1829 958 1888 refutandis
981 1828 1164 1901 singolorum
1187 1827 1319 1900 philosc·

158 1929 283 2000 phorum
318 1930 472 1990 sententiis
507 1931 704 2005 singularibus
732 1938 811 1990 tanta
840 1931 922 2004 copia
945 1938 1020 1990 usus
1043 1938 1103 2001 est,
1137 1945 1198 1988 non
1221 1929 1319 2002 ipsum

158 2031 232 2090 lihro
256 2033 398 2106 peculiari
426 2033 524 2107 egisse
548 2035 584 2092 de
606 2033 713 2108 placito
740 2035 789 2092 illo
812 2033 1029 2092 Platonicorum
1056 2034 1131 2105 (non
1155 2033 1233 2091 enim
1255 2031 1321 2090 Pla-

158 2133 237 2192 tonis
260 2141 315 2204 est,
339 2134 389 2208 qui
413 2142 444 2194 ut
466 2137 552 2195 docet
573 2136 709 2195 Timaeus
731 2133 968 2211 pataracina
990 2135 1062 2194 illud
1080 2134 1319 2194 mathematicum

158 2251 219 2294 non
241 2236 339 2296 solum
362 2236 398 2294 ad
421 2237 571 2311 physicam
599 2240 741 2298 theoriam
765 2255 927 2314 numquam
955 2237 1032 2296 sicut
1059 2237 1155 2296 locere
1178 2235 1319 2294 Platonici

156 2339 293 2398 adhihuit
323 2340 376 2396 sed
400 2355 437 2396 ex
459 2339 523 2414 ipsa
546 2342 716 2403 delinitione
738 2342 942 2400 mathematica
965 2336 1098 2412 semovit,
1127 2356 1185 2398 nnn
1210 2353 1263 2412 per
1281 2327 1320 2398 ‘se

158 2440 269 2514 aliquid
293 2454 361 2500 esse
383 2447 525 2515 punctum
553 2459 590 2503 nc
617 2445 779 2504 definitioni
808 2445 927 2519 quidem
951 2445 1134 2515 concedens,
1162 2458 1264 2504 verum
1287 2449 1320 2500 ut

158 2542 199 2600 ait
220 2542 394 2604 Aristoteles
414 2545 592 2620 principium
615 2546 709 2607 lineae
732 2547 868 2608 dictitans
891 2548 920 2606 id
945 2549 1025 2622 qaod
1045 2563 1240 2606 vocamus--
1263 2559 1319 2606 nos

160 2661 200 2704 sc.
234 2646 372 2720 discipuli
399 2655 428 2707 et
457 2648 583 2708 maxime
613 2650 793 2710 Xenocrates
821 2683 863 2694 -
893 2643 953 2725 τὰς
989 2639 1134 2728 ἀτόμους
1166 2639 1320 2732 γραμμάς

159 2747 194 2805 01.
219 2748 344 2822 Metaph.
361 2747 391 2822 1,
407 2749 437 2810 3.
454 2749 526 2824 992,
543 2750 594 2825 20,
628 2753 664 2811 de
687 2769 746 2826 quo
774 2755 840 2812 loco
869 2753 975 2812 errarit
997 2767 1064 2811 cum
1087 2753 1193 2810 ceteris
1216 2752 1318 2810 Bonita

160 2849 271 2912 eoam.
294 2869 322 2926 p.
336 2849 424 2925 aaa),
448 2855 494 2912 vu
517 2869 551 2912 ea
574 2837 811 2928 aonemundus
834 2855 864 2913 in
887 2854 969 2912 liaris
993 2851 1320 2928 3001000010-

160 2953 230 3012 tavit
252 2955 287 3012 ol.
312 2957 349 3014 de
372 2956 455 3014 coelo
472 2953 501 3028 3,
518 2953 547 3012 1.
573 2957 608 3014 de
632 2972 724 3015 sensu
740 2955 768 3016 6.
793 2957 829 3014 de
853 2971 919 3030 gen.
944 2964 972 3015 et
995 2950 1319 3028 000012316517

160 3057 247 3115 etad
270 3072 357 3129 quem
379 3059 489 3116 locum·
506 3065 566 3116 tres
594 3055 634 3114 illi
664 3065 797 3131 spectant
819 3059 906 3134 Phys.
924 3057 998 3131 6,1.
1036 3058 1138 3132 Optica
1165 3058 1212 3117 his
1240 3057 1321 3116 addit

159 3158 250 3218 David
272 3159 302 3217 in
326 3159 386 3218 Cat.
404 3157 454 3232 25,
471 3155 513 3219 35
546 3161 581 3217 01.
605 3159 745 3220 Alexand,
769 3161 1117 3236 innocentianam.
1153 3159 1319 3235 Olympiod.

159 3262 198 3320 ih.
215 3263 235 3334 l,
253 3259 326 3324 171.
349 3263 404 3321 Vit.
428 3265 525 3324 Nunn.
549 3281 576 3338 p.
594 3263 636 3322 24
657 3265 823 3340 similisque
846 3265 922 3323 titali
943 3264 1188 3338 („chpecalo'')
1212 3263 1320 3321 librum

161 3365 216 3424 suh
239 3365 403 3424 Aristotelis
431 3369 551 3427 nomine
577 3369 751 3427 translatum
779 3368 915 3440 legebant
937 3367 1048 3424 Arabes
1075 3363 1184 3436 (Casiri
1200 3362 1230 3435 1,
1247 3361 1319 3422 306.

159 3467 298 3526 Wenrich
316 3465 388 3528 161.
406 3466 484 3541 174)
519 3479 548 3530 et
578 3479 682 3545 postea
707 3469 802 3528 Latini
836 3469 984 3540 (vincent.
1008 3465 1117 3523 Bellov.
1143 3465 1226 3536 spec.
1251 3462 1319 3522 hist.

160 3566 189 3643 3,
205 3567 247 3630 84
270 3578 369 3642 ,extat
392 3571 470 3629 onim
492 3572 567 3630 liher
589 3573 639 3646 qui
663 3572 769 3630 dicitur
791 3570 975 3644 perspectiva
998 3566 1178 3626 Aristotelis’
1202 3559 1240 3625 cx'
1261 3581 1320 3640 quo

160 3679 259 3732 tamen
286 3673 351 3747 ipse
377 3673 450 3732 nihil
478 3671 624 3747 excerpsit
650 3673 731 3732 Vinc.
759 3673 789 3731 in
818 3674 903 3746 Spec.
931 3679 989 3731 nat.
1018 3687 1072 3729 nec
1102 3669 1195 3742 uragis
1223 3670 1322 3744 Roger

159 3773 236 3834 Baco
259 3775 417 3834 Ptolemaei
441 3775 612 3850 Optioornm
634 3777 711 3834 hone
734 3791 853 3850 giranus.
877 3778 913 3834 cl.
937 3775 1068 3866 Walther
1090 3774 1198 3848 Burley
1214 3770 1322 3832 devita

159 3876 267 3950 philos.
292 3891 316 3934 c.
331 3873 380 3936 53.
404 3877 535 3937 Nunnes.
549 3879 586 3938 ad
598 3879 647 3938 vit.
660 3879 747 3938 Arist.
761 3896 790 3953 p.
804 3877 881 3952 129)
904 3879 982 3938 unde
1006 3886 1142 3955 excerpta
1160 3877 1321 3951 fragmenta

158 3980 240 4053 legas
274 3981 352 4054 apud
378 3981 636 4042 Bartholomaenm
658 3981 814 4056 Anglicum
847 3982 897 4054 (lr.
922 3981 984 4037 ord.
1008 3980 1078 4038 min.
1103 3996 1162 4039 scc.
1179 3980 1257 4053 lllll)
1290 3979 1322 4036 in

160 4097 249 4155 opere
267 4081 336 4139 olim
350 4070 546 4142 celeberrima
554 4085 747 4159 aequalisque
760 4082 905 4142 Vincentii
920 4081 1047 4156 Speculo
1058 4083 1182 4142 naturali
1198 4093 1322 4155 prorsus

160 4183 247 4242 simili
276 4183 312 4243 de
335 4186 561 4261 proprietatibus
588 4204 687 4247 rerum
714 4186 765 4245 uhi
793 4188 829 4244 de
853 4184 917 4244 visu
940 4186 1050 4259 agitet
1072 4185 1166 4244 oculis
1190 4190 1219 4243 et
1242 4183 1322 4241 colo-

159 4287 252 4361 ribus,
287 4289 332 4346 ed.
356 4288 509 4362 Argentor.
534 4287 617 4352 1435
641 4291 713 4350 llll
735 4305 759 4346 c.
777 4286 842 4360 7,V
866 4305 890 4347 c.
909 4287 937 4363 6,
953 4287 1018 4346 Xlll
1032 4287 1123 4362 prael.
1148 4287 1183 4346 cl.
1199 4282 1321 4342 loannis

161 4388 467 4464 (Pecham,†12lll)
502 4392 630 4468 archiep.
660 4391 792 4452 cantuar.
823 4390 1009 4466 Perspcclira
1037 4387 1202 4448 communis
1223 4383 1252 4458 1,
1268 4384 1320 4444 44.

159 4493 211 4554 46.
228 4493 259 4568 2,
275 4489 326 4554 33.
341 4489 477 4554 51-54,
495 4489 535 4554 56
559 4497 605 4556 ed.
629 4495 733 4556 Pacius
757 4493 908 4556 Cardenus
932 4511 955 4554 s.
980 4510 1005 4554 a.
1030 4494 1048 4552 l.
1084 4489 1271 4566 (Mediolani)
1294 4495 1323 4550 et

204 4619 271 4667 lloac
288 4612 317 4665 de
329 4611 396 4666 libris
408 4611 551 4664 Aristotelis.
