3196 5232
704 441 766 506 173

160 621 232 678 16166
260 620 348 691 longo
383 631 520 676 sermone
548 615 597 692 (06
619 629 686 688 gen.
711 629 756 672 an.
774 612 804 685 1,-
820 611 869 672 19.
887 611 941 686 20)
974 615 1175 692 demonstrare
1204 617 1314 676 nitatur

160 711 212 782 ὅτι
233 713 272 781 τὸ
295 714 386 800 θῆλυ
409 711 456 792 εἰς
477 709 536 800 τὴν
557 709 686 798 γένεσιν
707 708 806 796 γονὴν
825 708 886 791 μὲν
907 704 947 774 or'r
969 704 1205 792 συμβάλλεται,
1229 733 1312 796 συμ-
1394 783 1398 794 ,

159 810 322 898 βάλλεται
355 814 395 883 δέ
426 839 460 881 τι
480 815 537 880 καὶ
554 806 641 880 τοῦτ’
666 808 754 878 ἐστὶν
786 805 806 898 ἡ
835 813 902 876 τῶν
925 809 1133 898 καταμηνίων
1154 807 1314 892 σύστασις

33 905 37 912 ’
157 920 243 996 (729,
260 923 310 984 66.
335 923 370 981 u.
388 920 474 982 reta
491 918 519 980 r.
538 918 610 994 ree,
627 917 677 979 61.
695 917 782 980 reto
798 916 848 979 66.
873 919 909 977 u.
935 909 1034 980 ouen.
1051 918 1081 990 4,
1098 916 1241 997 61566),
1265 923 1312 982 on

156 1031 259 1082 auctor
280 1025 310 1083 id
332 1024 437 1098 ipsum.
451 1023 577 1082 inculcat
599 1030 755 1096 utrumqne
778 1037 882 1080 sexum
905 1021 1036 1080 conferre
1060 1011 1313 1104 striduntque

156 1120 215 1188 καὶ
245 1119 305 1207 τήν
336 1116 463 1205 γένεσιν
496 1122 533 1199 (6.
556 1119 649 1182 5—-o
674 1124 709 1182 cl.
727 1120 880 1184 636h15.
898 1120 949 1182 37.
970 1120 1043 1194 637,
1059 1119 1101 1182 36
1118 1155 1159 1164 -
1176 1121 1248 1197 638,
1266 1121 1312 1202 tt:

159 1243 227 1286 uam
250 1226 358 1285 lamina
380 1243 498 1300 quoque
521 1215 658 1306 γόνιμον
679 1217 837 1307 προΐεται
866 1221 950 1298 (637,
966 1223 1017 1284 27.
1041 1220 1181 1284 616376
1197 1221 1237 1284 31
1262 1215 1314 1286 ὅτι

159 1318 237 1411 παρ’
260 1316 388 1408 ἀμφοῖν
410 1317 536 1408 γίνεται
557 1317 698 1408 πρόεσις
712 1318 981 1406 τοῦαπέρματος,
1004 1317 1034 1386 εἰ
1048 1317 1315 1408 μέλλειγόνιμον

159 1420 329 1506 ἔσεσθαι),
364 1431 418 1488 ue'c
450 1431 628 1503 peculiarem
659 1430 784 1489 ,seminis
811 1428 934 1486 masculi
949 1443 1126 1502 ,agnoscens
1149 1429 1313 1488 facultatem

160 1528 476 1609 (61Α6161.1,2166.
498 1533 528 1605 2,
546 1530 580 1612 3)
603 1549 658 1592 666
680 1533 758 1590 illarn
781 1531 936 1604 utriusque
958 1530 1080 1590 seminis
1103 1523 1314 1614 συμμετρίαν,

159 1635 189 1694 16
223 1650 280 1707 666
313 1633 467 1694 deficiente
499 1650 589 1696 cansa
621 1641 667 1694 est
695 1632 870 1703 sterilitatis,
903 1634 939 1690 de
966 1631 1119 1708 potestatis
1146 1633 1314 1692 discrimine

159 1737 238 1796 vario
266 1736 362 1794 colore
391 1735 460 1793 nino
488 1735 546 1809 (Ar.
570 1753 597 1809 g.
622 1751 668 1793 an.
687 1735 719 1806 4,
735 1733 772 1792 2.’
793 1733 829 1791 61.
850 1731 923 1815 723,
941 1731 991 1793 29.
1010 1730 1082 1806 729,
1100 1731 1152 1810 17)
1180 1734 1315 1809 iutelligit

160 1841 214 1898 sed
247 1839 284 1896 de
315 1845 448 1909 ternpore
481 1837 606 1910 locoque
643 1835 793 1895 mixtionis
828 1835 892 1894 solo
916 1832 1003 1907 (6.5.
1033 1836 1120 1893 debet
1146 1835 1224 1892 eninr
1247 1849 1315 1894 esse

160 1929 348 2020 ἱσοδρομία.
378 1953 436 2012 qua
459 1939 561 1996 eadem
584 1954 656 1997 nuce
679 1939 709 1996 in
732 1937 789 1997 6116
811 1953 843 1996 re
866 1936 957 1994 utitur
978 1935 1064 1992 Arist.
1082 1933 1155 2008 775,
1171 1934 1235 2014 25).
1274 1937 1315 1996 06

159 2018 282 2101 ovorum
305 2039 448 2100 sterilium
470 2047 642 2114 argumento
666 2035 923 2115 (637613-22)
952 2037 981 2094 16
1009 2038 1063 2094 666
1089 2053 1120 2097 re
1142 2039 1255 2113 vulgari
1278 2039 1314 2096 cl.

160 2133 260 2202 Galen.
276 2143 306 2211 4,
323 2140 395 2200 616.
412 2139 484 2200 624.
511 2142 597 2202 Arist.
615 2139 687 2214 730,
703 2139 754 2202 30.
771 2137 843 2210 737,
860 2137 910 2199 30.
928 2135 1015 2199 7576
1032 2138 1143 2200 14616.
1189 2141 1315 2200 Secutus

119 2235 124 2242 ⁴
160 2245 249 2320 igitur
278 2251 324 2302 est
351 2243 398 2300 616
426 2250 528 2302 auctor
554 2244 734 2302 medicorum
768 2241 899 2300 omnium
927 2243 1070 2301 rationem
1098 2259 1134 2301 en
1161 2242 1316 2316 utriusque

160 2361 250 2404 sexus
274 2343 387 2402 semiue
411 2344 500 2402 mixto
524 2344 741 2416 generationem
765 2342 826 2401 sieri
850 2343 1059 2403 declarantium
1078 2351 1107 2402 et
1117 2343 1315 2417 antiquiorum

159 2445 303 2520 (veterum
337 2459 378 2502 sc.
411 2445 601 2519 physicorum
627 2445 814 2519 Empedoclis
842 2445 999 2503 Democriti
1026 2445 1214 2518 Anaxagorae
1241 2446 1316 2503 Leo·

156 2549 263 2622 phanis
296 2562 350 2605 uec
381 2561 442 2606 non
471 2547 654 2606 Alcmaeonis
688 2556 718 2606 et
744 2546 927 2606 parmenidis
961 2547 997 2604 de
1029 2547 1135 2619 661666
1162 2547 1248 2606 Arist.
1279 2549 1315 2606 de

159 2650 258 2725 gener.
282 2645 491 2722 6611766.
513 2647 543 2719 2,
558 2646 588 2708 8.
611 2647 646 2722 4,
658 2648 686 2708 1.
710 2651 741 2722 4,
757 2646 795 2709 3.
822 2649 974 2708 censorin.
997 2663 1023 2705 6.
1041 2645 1133 2707 5-7,
1169 2649 1268 2708 Galen.
1282 2649 1315 2721 4,

159 2749 222 2811 616
238 2767 302 2824 sqq.
321 2749 388 2825 etc.)
411 2758 441 2809 et
462 2751 669 2825 posteriorum,
693 2751 802 2825 quippe
824 2749 990 2810 Aristotelis
1013 2750 1049 2807 de
1071 2750 1160 2808 meris
1172 2757 1315 2822 potestate
1367 2765 1370 2770 ·

115 2905 117 2908 .
159 2869 240 2914 mere
268 2853 380 2910 turmali
413 2868 467 2910 nec
495 2853 654 2926 quidquam
683 2854 759 2912 letus
789 2853 927 2912 materiae
951 2867 1039 2925 quem
1062 2852 1154 2908 solam
1182 2851 1245 2909 sola
1268 2851 1317 2910 dat

160 2953 268 3013 lemine
289 2953 493 3012 contribucnte
515 2953 732 3012 distinctionem
759 2949 839 3012 illarii
867 2952 1050 3012 subtiliorem
1077 2968 1200 3028 prorsus
1224 2953 1317 3027 negli-

33 3097 35 3104 .
160 3055 292 3130 gentium
314 3055 341 3114 si
363 3055 482 3130 quidem
509 3070 601 3113 noum
624 3055 776 3129 exceperis
799 3057 980 3116 Athenaeum
1007 3055 1056 3134 (cl.
1080 3057 1179 3116 Galen.
1196 3056 1226 3128 4,
1243 3053 1315 3118 603.

162 3155 280 3231 60466.
298 3155 369 3220 610.
387 3155 458 3216 612.
477 3153 548 3216 614.
566 3155 637 3216 621.
654 3156 729 3233 626)
751 3157 1004 3232 pneumatieoruru
1026 3160 1224 3220 recentiorum
1236 3158 1317 3233 prin·

162 3261 270 3336 cipem:
305 3261 335 3320 61
358 3259 437 3319 enim
459 3259 553 3332 pluris
575 3259 671 3320 lacere
698 3261 794 3318 solent
816 3261 1058 3334 philosophorum
1082 3269 1253 3334 argumenta
1276 3257 1317 3336 (et

161 3362 325 3422 Aristotelis
346 3369 375 3418 et
397 3361 562 3420 Stoicorum
586 3361 646 3420 Gal.
663 3358 693 3433 8,
706 3360 769 3420 642
781 3369 810 3420 et
820 3362 949 3421 Platonis
962 3358 991 3434 7,
1005 3359 1066 3421 609
1080 3362 1172 3433 6661.
1189 3357 1315 3438 61566.)

162 3465 289 3522 enodem
311 3464 397 3537 plene
419 3463 450 3521 16
472 3462 635 3522 medicinae
662 3463 785 3522 historia
810 3462 908 3520 locum
935 3463 1103 3520 obtinentes
1130 3477 1218 3534 quern
1240 3462 1317 3520 iuter

161 3565 355 3640 philosophos
379 3564 589 3638 Neoplatouici.
634 3565 686 3620 Est
708 3563 786 3620 enirn
808 3562 949 3622 Aretaens
972 3561 1093 3636 1116661
1116 3562 1227 3622 Platoni
1246 3565 1316 3639 llip·

161 3674 310 3740 pocratem
333 3665 485 3739 coniungit
505 3671 535 3722 et
546 3664 640 3738 ipsam
655 3664 839 3738 Hippocratis
855 3664 1019 3738 dialectum,
1036 3665 1217 3725 medicorum
1232 3667 1316 3741 quasi

161 3766 294 3826 Plotiuus
317 3783 372 3826 nee
393 3767 458 3840 ipse
482 3766 610 3824 Galenus
632 3765 717 3825 cuins
739 3766 851 3824 theoria
873 3766 1074 3846 physiologica
1097 3775 1125 3826 et
1150 3769 1186 3828 66
1207 3769 1317 3844 Hippo·

163 3876 240 3928 crate
264 3876 292 3928 et
313 3869 433 3928 Platone
457 3883 533 3941 6666
555 3867 633 3924 idem
655 3867 787 3926 sensisse
814 3868 900 3926 docet
922 3875 951 3926 et
972 3869 1008 3926 ah
1032 3869 1186 3930 Aristotele
1208 3873 1317 3946 pendet

163 3978 192 4028 et
213 3970 407 4044 pneumaticis
429 3970 465 4028 ab
487 3970 543 4028 hoo
566 3983 673 4042 genere
695 3970 887 4042 separandus.
933 3970 1060 4030 Galenus
1081 3979 1178 4030 tamen
1202 3972 1317 4048 etipse

163 4071 191 4130 iu
215 4072 265 4131 illa
288 4087 320 4131 re
342 4078 443 4130 contra
466 4070 649 4128 Aristotelem
674 4070 754 4128 stetit
775 4065 818 4146 (4,
835 4067 1026 4150 527-534),
1050 4073 1174 4133 feminae
1198 4087 1316 4148 qnoque

164 4187 240 4244 6666,
263 4187 351 4246 quam
373 4179 470 4230 temen
493 4171 608 4246 etipse
629 4170 801 4232 Aristoteles
824 4173 896 4232 mori
918 4175 1016 4249 agenti
1042 4174 1209 4250 reag'entern
1232 4173 1316 4247 quasi

164 4274 300 4334 concedit
327 4275 363 4333 de
387 4288 452 4348 geu.
476 4288 523 4332 an.
539 4273 569 4346 4,
585 4267 615 4346 3,
643 4273 702 4331 vim
729 4275 875 4348 qnondam
901 4277 1053 4338 formalem
1074 4285 1193 4352 propter
1214 4273 1318 4332 simili-

162 4375 296 4436 tudinem
319 4383 453 4435 natorum
476 4389 544 4434 cnm
566 4374 708 4434 matribus
732 4383 810 4434 recte
832 4393 970 4441 asserens
993 4376 1042 4456 (61.
1058 4380 1089 4450 4,
1107 4374 1177 4436 613.
1195 4373 1315 4449 60266.

151 4465 325 4556 'too-to)
364 4491 486 4550 eamque
524 4484 553 4536 et
588 4477 680 4550 ipsius
708 4478 891 4562 Hippocratis
919 4479 1091 4539 senteutiam
1120 4491 1186 4536 esse
1215 4478 1316 4538 dicens
