2954 5034
641 311 781 394 rr*

16 490 17 493 ’
83 461 200 555 6611.
217 477 378 552 693331,
402 482 437 539 61.
450 489 548 540 166166
571 484 698 541 eundem
721 483 758 538 de
780 482 947 557 crateribus
966 479 1239 555 0166616736-

84 583 325 657 philosopherum
355 576 532 642 Graecorum
567 584 698 645 doctrina
725 592 754 642 et
779 583 926 656 theologia
953 584 1111 644 Phoenicia
1139 592 1238 654 66616,

83 700 156 743 666
175 685 274 744 minus
307 701 399 758 quum
426 685 611 760 Pherecydes
638 686 686 744 ille
715 685 867 746 fabulosus
894 685 1074 763 Pythagorae
1101 688 1240 761 magister

84 787 232 847 Gnosticis
258 803 345 846 carus
373 795 402 846 et
428 803 444 845 a
472 795 571 847 vetere
597 804 684 861 quem
699 807 701 811 ¹
714 787 781 846 citat
808 785 989 846 Aristotelea:
1007 787 1159 862 theologo,
1187 789 1238 862 qui

83 889 195 949 seilicet
217 889 296 947 idem
318 897 363 948 661
385 898 474 963 atqua
497 889 684 949 Atheniensis
706 887 886 962 theogoniae
904 896 1019 960 auctor,
1048 906 1172 962 prorsus
1195 891 1250 967 dis
1303 876 1307 883 ¹

83 1006 203 1062 versus,
230 992 424 1050 Eratosthene
444 999 541 1049 tamen
564 991 712 1064 antiquior
734 991 786 1064 (cl.
809 987 896 1048 etiam
919 989 1037 1062 loseph.
1062 991 1241 1066 611612.

83 1108 112 1165 6.
128 1089 190 1159 439
207 1093 303 1164 Han),
326 1109 386 1151 >non
409 1092 508 1151 minus
524 1093 652 1167 denique
663 1109 750 1166 qaram
766 1090 912 1163 theologia
929 1090 1055 1164 Orphica
1069 1092 1238 1168 Hieronymi

82 1193 325 1253 Phaenicicorum
347 1194 511 1268 scriptoria
556 1195 606 1252 llla
628 1208 699 1252 nero
721 1192 926 1266 Orphicanec
948 1192 1120 1252 Aristoteles
1144 1194 1169 1252 si
1185 1211 1239 1258 nn·

81 1295 182 1354 risset
203 1305 326 1371 propter
357 1295 551 1356 recentiorem
586 1303 615 1353 et
646 1294 708 1354 lere
740 1293 973 1369 philosophicam
1005 1296 1181 1370 theologiam
1194 1350 1197 1353 .
1211 1305 1240 1356 et

82 1396 235 1471 mysticam
264 1397 421 1471 quandam·
439 1397 647 1471 propriamque
678 1410 780 1454 eorum
807 1395 951 1455 rationem
978 1397 1065 1471 piane
1093 1397 1123 1457 in
1150 1399 1240 1457 lieta-

83 1499 213 1573 physicis
236 1499 401 1558 Rhetoricis
424 1498 550 1557 Poeticis
572 1497 752 1570 neglexisset
774 1512 829 1555 nec
853 1513 922 1556 curn
936 1497 1145 1572 Pythagoricis
1168 1515 1239 1558 666-

83 1600 209 1659 ludissct
229 1600 397 1661 Herodotus
419 1616 475 1658 nec
497 1599 582 1657 aliam
597 1598 748 1673 posuisset
763 1599 913 1657 Eudemus
926 1599 1035 1673 Orphei
1050 1601 1239 1674 theogeniam

84 1703 175 1760 multo
200 1703 275 1760 hanc
297 1700 374 1759 sicut
395 1700 522 1761 Acusilai
548 1707 578 1758 ct
600 1715 675 1772 quae
703 1700 851 1758 ferebatur
872 1699 1054 1774 Epimenidis
1076 1702 1240 1762 Hesiodeae

80 1785 251 1877 6666166616
279 1809 309 1860 61
330 1801 463 1860 barbaris
490 1800 661 1861 nominihus
688 1807 836 1858 carentem
864 1802 917 1874 (61.
942 1803 1040 1876 ipsam
1062 1803 1150 1862 Arist.
1173 1803 1239 1864 Met.

83 1903 135 1974 11,
151 1902 180 1976 6.
198 1901 248 1976 13,
264 1904 309 1976 4).
354 1903 414 1962 Ν66
447 1904 540 1962 ullum
573 1904 651 1977 apud
684 1901 882 1975 Pherecydem
915 1903 966 1978 qui
999 1912 1094 1964 vatem
1126 1912 1240 1965 tantum

83 2007 234 2081 Orpheum
257 2005 377 2080 respicit
396 2007 448 2078 (ir.
466 2001 507 2064 63
522 2005 557 2061 Μ.
575 2004 610 2061 61.
627 2003 797 2076 Apollodar.
814 2001 844 2074 t,
860 2001 890 2076 3,
907 2003 955 2078 2.)
977 2022 1032 2066 666
1047 2009 1125 2081 apud
1140 2007 1239 2082 ipsum

84 2117 187 2182 666166
202 2107 416 2180 Apollodorum
428 2106 584 2180 vestigium
599 2113 685 2164 extat.
717 2105 881 2164 dissimiles
897 2107 986 2180 igitur
1000 2108 1092 2167 fuisse
1104 2108 1241 2168 videntur

84 2209 133 2283 qui
157 2207 305 2281 Euripidis
328 2215 356 2266 et
377 2207 506 2266 Platonis
528 2213 621 2264 aetate
642 2206 1135 2282 (61.11611666.Αῑ,1166.4,164)
1155 2209 1240 2268 novis

83 2309 276 2384 religionibus
308 2307 417 2380 insigni
448 2308 537 2380 (Lab.
554 2307 617 2380 Agl.
634 2305 696 2366 646
709 2324 774 2381 sqq.
786 2305 862 2367 670.
879 2306 943 2367 627
960 2310 1057 2382 squ),
1092 2326 1185 2384 quum
1211 2318 1240 2368 61

59 2412 212 2494 Orphica
242 2410 301 2468 iarn
327 2409 465 2484 mysteria
500 2408 644 2468 celebrata
671 2418 785 2481 essent,
820 2410 929 2484 Orphei
957 2419 985 2469 et
1011 2411 1121 2471 Musaei
1149 2411 1240 2471 libelli

83 2514 167 2572 multi
189 2514 225 2570 ah
247 2510 477 2586 Orpheotelestis
499 2511 669 2569 terebantur
690 2512 843 2570 breviores
859 2513 918 2570 sere
933 2513 1104 2573 6116611616
1119 2514 1240 2573 rituales

84 2619 284 2690 hymnosque<
302 2622 331 2672 et
356 2610 500 2671 vaticinia
521 2617 551 2667 et
577 2611 782 2670 lustrationum
810 2613 986 2672 cerimonias
1019 2615 1162 2675 hahentes
1188 2617 1240 2688 (cl.

84 2707 221 2800 ἐπῳδάς
247 2715 356 2790 Orphei
384 2712 482 2785 Eurip.
506 2711 566 2769 Ale.
583 2709 655 2771 967.
681 2711 838 2787 6661646
861 2715 967 2785 Pindi,
996 2706 1073 2776 sicut
1095 2717 1240 2775 Zamolxis

84 2827 114 2879 et
136 2817 372 2878 cibaris-Platon.
397 2815 512 2873 Oharm.
526 2809 598 2883 158,
621 2813 658 2872 el.
670 2814 779 2887 Orphei
801 2807 1019 2895 θεοπροπίας
1040 2835 1086 2892 66.
1109 2818 1240 2877 Philoch.

85 2923 116 2979 in
140 2920 237 2979 Sahal.
257 2917 362 2976 661161.
387 2917 423 2973 ad
445 2916 513 2973 Eur.
531 2912 680 2985 1116383,
698 2911 902 2999 6636666116ἱ
924 2919 1110 2993 Empedoclis
1123 2921 1154 2979 O.
1166 2922 1198 2979 L.
1209 2917 1240 2993 8,

85 3022 127 3084 54
143 3023 216 3116 etc.)
243 3017 450 3094 mythologicis
477 3017 655 3090 quibusdam
684 3018 774 3077 rebus
802 3027 831 3078 61
857 3020 1069 3094 physiologicis
1097 3024 1176 3099 qnod
1203 3037 1240 3080 ex

83 3123 249 3186 Aristotelis
271 3118 440 3180 testimonio
463 3119 705 3199 constatmixti,
723 3137 799 3180 novo
828 3121 949 3194 quidem
975 3131 1007 3182 ut
1028 3123 1144 3181 videtur
1165 3124 1242 3182 litte·

84 3239 314 3299 eorumgenere
336 3253 379 3293 ε-
400 3221 513 3295 primus
536 3223 597 3282 lere
619 3240 644 3281 c.
662 3223 706 3281 Ol.
724 3220 765 3281 74
788 3225 953 3282 secundnm
968 3223 1149 3282 Herodotum
1161 3224 1241 3282 Ono·

85 3329 222 3388 macritos
246 3314 265 3386 ὁ
285 3313 513 3404 χρησμολόγος
536 3325 645 3383 Musaei
669 3324 789 3401 nomine
811 3341 886 3384 usus
908 3325 1044 3383 vaticinia
1065 3323 1170 3392 edidit,
1193 3324 1241 3380 eui

84 3440 187 3505 666166
216 3430 368 3487 ductorum
395 3428 565 3486 coniectura
587 3427 689 3497 (Paua.
708 3424 737 3492 t,
753 3424 810 3494 22)
834 3423 922 3480 etiam
939 3413 1081 3501 Ὀρφικὰ
1103 3411 1242 3500 111616·-

87 3532 216 3590 buebant
244 3530 301 3599 (cl.⁴
312 3536 427 3601 praeter
443 3528 528 3584 Peus.
551 3528 631 3583 Sext.
652 3526 735 3595 Emp.
751 3520 824 3591 462,
841 3520 910 3578 2:
924 3517 1168 3605 nantaurli.)
1195 3523 1257 3580 vel·

86 3631 309 3694 homericarum
333 3627 537 3686 recensionem
560 3660 602 3670 -
624 3633 653 3683 et
665 3622 830 3695 Hennaeis,
854 3623 883 3682 in
899 3623 1009 3696 quibus
1025 3623 1169 3698 Orphicac
1183 3623 1240 3681 iam

87 3733 210 3797 rationis
232 3730 314 3789 initia
337 3730 416 3787 velut
437 3728 466 3786 in
487 3727 614 3786 Hecatae
636 3727 773 3785 laudibus
797 3726 958 3798 offendunt,
981 3725 1031 3784 ille
1053 3726 1115 3784 lere
1139 3741 1241 3784 succe*

88 3824 184 3897 dente.
231 3835 305 3892 Sunt
337 3831 415 3891 enim
449 3831 521 3889 haec
554 3829 669 3902 aliaque
702 3828 731 3885 in
760 3827 918 3901 theogonia
950 3827 1113 3886 recentiora
1146 3827 1241 3901 ipsius
1291 3814 1294 3819 ’

88 3938 208 3998 Hesiodi
235 3934 337 3994 6616116
365 3932 473 3991 indicia
499 3931 588 3990 unius
614 3931 675 3988 tere
703 3929 779 3987 inter
805 3938 918 3988 veteres
949 3930 1049 4004 epicos
1071 3936 1101 3987 et
1120 3929 1241 3987 nominc

88 4050 117 4100 et
143 4040 218 4098 11166
244 4035 348 4094 6611116
373 4042 476 4108 666166
504 4033 574 4091 certi
607 4048 698 4105 quum
726 4031 805 4102 qnod
832 4030 889 4103 ipsi
915 4038 1029 4089 veteres
1056 4031 1244 4096 advertebant

90 4142 154 4214 ipse
181 4155 215 4198 66
241 4138 406 4197 secundum
434 4144 564 4195 veterum
590 4133 798 4194 historicarum
826 4147 939 4190 morem
966 4131 1161 4202 neminasset;
1192 4129 1242 4202 qui

88 4238 210 4312 quidem
233 4237 399 4297 universam
421 4240 481 4297 lere
503 4237 752 4312 epicam'poesim
779 4252 867 4310 quarn
889 4242 918 4292 et
940 4233 1094 4292 sententiis
1115 4229 1264 4297 imitatur¹

90 4338 253 4413 respiciens
275 4339 387 4410 primus
409 4339 504 4396 varias
527 4341 564 4397 dc
586 4339 687 4397 mnndi
710 4340 894 4409 deorumque
915 4334 1104 4407 generatione
1124 4331 1246 4389 tabellas

135 4463 201 4504 ltere
220 4453 249 4502 da
261 4453 327 4501 libris
341 4452 481 4503 Aristotelia.
