2954 5034
724 356 881 418 „50-

225 532 336 589 *Suidas
349 563 388 570 —-
401 531 436 589 cl.
462 529 601 592 Scholion
624 529 699 586 libro
722 527 917 600 praemissum
930 557 969 565 -
983 524 1013 582 in
1037 525 1138 582 schole
1154 523 1298 580 rhetorica
1312 523 1391 580 Con-

216 653 217 656 *
233 631 491 705 stantinopolitana
516 646 672 690 successor
694 630 757 701 luit,
775 629 810 686 cl.
825 628 924 700 steph.
936 628 1004 701 Byr.
1016 640 1039 683 s.
1058 613 1297 705 Ἀνακτόριον),
1313 624 1392 687 Petri

231 733 347 791 Patricii
370 734 486 807 (steph.
510 734 542 791 D.
567 749 590 792 s.
609 721 755 804 Ἀκόναι,
780 732 816 788 cl.
841 729 952 788 Maium·
971 729 1000 785 iu
1025 725 1128 801 Seript.
1152 733 1208 783 vet.
1233 736 1300 784 nov.
1323 727 1391 782 coll.

233 835 305 908 llp.
323 830 384 894 571
398 836 479 909 sqq.)
507 836 641 894 aliorum.
664 812 665 816 Ἰ
687 833 784 901 Quum
803 840 879 891 'vero
906 830 1035 890 Eudocia
1063 839 1100 889 ex
1126 829 1231 888 eodem
1252 826 1393 900 llesyehii

234 935 445 1010 Onomatologo
479 938 557 1010 apud
579 935 756 1010 Byzantinos
789 932 952 992 clarissimo
979 927 1210 1002 lectissimoque
1223 927 1393 985 vitas-scri-

224 1044 348 1110 ptorum
376 1038 507 1096 hauserit
533 1039 572 1096 ita
597 1043 631 1094 ot
653 1036 743 1094 modo
768 1037 835 1109 plus
862 1034 950 1090 modo
977 1031 1076 1090 minus
1104 1036 1275 1103 excerperet
1302 1027 1393 1102 quam

235 1138 351 1209 Suidas‚
374 1132 536 1196 modo‘uhi
559 1137 624 1210 ipse
645 1137 744 1196 hrevis
772 1142 851 1194 esset
873 1135 1038 1208 Hesychius
1057 1131 1136 1191 vidern
1161 1132 1248 1190 amhn
1263 1130 1393 1190 exhihe-

221 1246 309 1310 'rent
337 1237 413 1296 sicut
434 1247 549 1311 praeter
571 1239 750 1313 hesychium
778 1239 843 1312 ipso
865 1236 952 1295 etiam
975 1234 1114 1309 Diogene·
1127 1226 1305 1292 Philostrato
1326 1231 1393 1290 aliis

235 1340 282 1396 usi
307 1346 381 1397 sunt
407 1340 508 1411 amhn,
544 1355 581 1398 ex
615 1339 708 1398 trihus
740 1341 787 1398 his
822 1337 1063 1413 epitomatorihus
1092 1336 1180 1396 Suida
1208 1334 1337 1393 Eudocia
1363 1342 1394 1391 et

236 1439 440 1522 recentissimo
466 1430 737 1516 Pseudohesychio-
755 1442 881 1513 aliisque
907 1439 989 1497 libris
1013 1437 1184 1513 ‘Byzantinis
1212 1436 1392 1510 hesychium

236 1543 346 1601 secutis
369 1544 586 1615 quodammodo
598 1536 772 1618 vHesychius
794 1543 859 1617 ipse
881 1541 1006 1599 restitui:
1017 1548 1114 1614 potest
1128 1555 1189 1597 non
1205 1537 1270 1596 sina
1284 1551 1393 1620 rnagno

160 1702 162 1704 ,
228 1634 356 1720 quidem
384 1645 559 1703 Graecarum
588 1644 749 1702 litterarum
780 1634 925 1702 historiae
945 1644 1145 1701 emolumento
1172 1648 1258 1713 atque
1285 1639 1395 1713 purga-

237 1746 325 1804 tione.
368 1745 421 1803 nic
451 1759 521 1817 ergo
550 1745 712 1820 Hesychius
741 1745 867 1802 indicem
897 1743 1036 1817 Diogenis
1059 1734 1228 1815 exscripsit,
1251 1756 1394 1799 numeros

238 1847 379 1904 librorum
389 1861 464 1920 quos
475 1846 564 1904 salsos
575 1846 825 1919 putaritcorrexit,
839 1859 914 1919 quae
926 1845 952 1902 ci
965 1845 1075 1903 omissa
1092 1860 1159 1903 csse
1171 1843 1394 1901 videbantur-

240 1947 295 2006 nisi
320 1947 393 2006 lorte
416 1947 604 2020 integriorem
628 1947 714 2005 nohis
728 1947 853 2006 servavit
864 1947 1011 2004 Laenium
1023 1978 1065 1987 -
1077 1960 1112 2003 ex
1125 1945 1172 2003 sui
1183 1945 1324 2018 temporis
1338 1960 1393 2003 no-

237 2049 299 2107 titia
321 2056 350 2106 et
365 2049 491 2107 lectione
513 2048 543 2106 in
561 2049 618 2107 dne
634 2049 753 2107 addidit.
772 2040 774 2043 ’
792 2049 823 2105 ln
841 2048 949 2120 quihus
966 2049 1120 2106 advertunt
1134 2047 1393 2120 pseudepigrapha

236 2151 282 2207 illa
306 2151 447 2224 temporis
470 2151 620 2224 Byzantini
644 2158 673 2208 et
687 2150 844 2208 lectionem
859 2159 887 2209 et
901 2150 1034 2209 criticum
1049 2148 1190 2206 iudicium
1206 2148 1391 2216 illustrantia,

235 2236 359 2324 quorum
388 2253 507 2325 quidem
534 2252 700 2325 Geoponica
729 2250 875 2310 Aristoteli
896 2261 966 2310 tunc
989 2250 1134 2323 adscripta
1158 2249 1312 2308 electione
1335 2249 1393 2324 By-

203 2429 205 2432 ,
234 2352 349 2411 aantina
370 2353 401 2410 in
424 2353 549 2410 Arabum
574 2368 692 2426 quoque
715 2368 803 2410 usum
825 2352 1013 2410 transierunt.
1058 2351 1249 2423 Theophrasti
1272 2356 1392 2424 quoque

235 2452 362 2509 indicem
386 2466 421 2509 ex
444 2452 476 2510 D.
499 2455 531 2510 L.
552 2453 667 2510 sumsit
692 2453 871 2527 Hesychius,
886 2452 1014 2524 initiunt
1042 2453 1149 2512 Suidas
1176 2453 1310 2511 servavit.
1351 2456 1391 2512 “Et

236 2552 356 2610 omnino
388 2553 418 2610 in
444 2553 526 2610 lihris
559 2562 712 2611 anctorum
745 2554 936 2612 recensendis
967 2555 1269 2613 maximecuriosum
1296 2557 1391 2614 luisse

234 2653 413 2726 Hesychium
435 2671 472 2713 ex
495 2656 585 2714 Suida
600 2655 786 2728 intelligitur.
916 2648 918 2653 ’
1362 2664 1364 2669 “

234 2759 235 2763 ’
319 2755 381 2812 lam
404 2755 492 2829 igitur
519 2755 725 2829 disputationis
753 2757 908 2816 universae
936 2773 1051 2815 summa
1077 2759 1149 2816 haec
1177 2768 1231 2818 est.
1275 2761 1390 2819 Indices

234 2855 375 2912 lihrorum
397 2856 561 2915 Aristotelis
584 2858 698 2930 primus
722 2859 788 2918 lecit
811 2860 995 2918 Andronicus
1018 2861 1049 2916 in
1072 2860 1154 2918 lihris
1178 2863 1390 2934 quosscn'psit

158 3030 163 3035 μ
235 2956 271 3013 de
297 2956 484 3030 philosophia
509 2957 683 3018 Aristotelis.
733 2962 812 3019 ldem
846 2961 905 3034 egit
938 2969 1040 3034 postea
1072 2962 1257 3022 Ptolemaeus
1284 2964 1388 3039 incerti

188 3104 189 3107 ,
235 3057 376 3129 temporis
415 3058 610 3132 philosophus
648 3060 805 3119 Andronici
843 3061 939 3120 indice
976 3064 1087 3137 passim
1120 3071 1244 3137 mutato,
1283 3060 1387 3124 eodem

233 3166 330 3217 tamen
358 3159 501 3218 librorum
528 3160 618 3218 fundo
646 3178 728 3219 usus.
774 3158 816 3219 Ex
843 3162 1010 3224 Andronico
1037 3165 1153 3238 repetiit
1181 3167 1209 3223 in
1238 3181 1387 3226 commen-

232 3259 321 3318 tariis
338 3261 513 3333 Favorinus,
541 3276 584 3320 'cx
613 3278 672 3335 qtto
700 3260 859 3336 Diogenes,
895 3281 929 3322 ex
958 3274 1022 3340 quo
1044 3266 1216 3342 Hesychius.
1266 3270 1387 3327 Exstant

189 3346 191 3349 ⁵
230 3377 310 3419 nunc
342 3379 461 3440 quoque
495 3365 608 3423 indices
635 3365 773 3438 Diogenis
801 3373 831 3423 et
856 3365 1002 3442 Hesychii.
1051 3365 1129 3426 lam
1147 3386 1215 3427 vero
1249 3370 1384 3429 videmus
1466 3419 1467 3422 ,

226 3479 317 3535 quarn
340 3464 512 3524 incertasit
534 3465 665 3523 omnium
688 3465 747 3524 lere
769 3468 875 3524 horum
897 3468 1038 3527 lihrorum
1059 3471 1385 3541 auetoritas‚=ridemus

228 3581 289 3623 non
311 3582 401 3639 posse
423 3567 470 3624 his
493 3565 612 3639 quidem
635 3566 782 3624 indicibus
805 3569 890 3640 qnasi
913 3570 963 3643 qui
988 3570 1046 3628 sint
1061 3570 1249 3629 Alexandrini
1266 3573 1384 3646 probari

228 3664 369 3726 librorum
392 3666 611 3740 antiquitatem,¹
626 3668 735 3726 nedum
759 3663 958 3729 auctoritatem
986 3689 1061 3745 quae
1085 3675 1140 3731 iarn
1164 3677 1296 3743 tempore
1318 3674 1384 3748 Ari-

217 3766 322 3843 stoteli
356 3768 490 3840 proximo
523 3750 631 3826 Timaei
654 3770 716 3828 scil.
752 3772 889 3844 suspecta
917 3780 976 3843 est,
1011 3773 1128 3845 prohari
1156 3777 1253 3828 autern
1279 3786 1384 3834 revera

225 3867 358 3940 analogia
381 3870 444 3928 sola
466 3870 579 3943 etipsa
602 3871 714 3930 ratione
737 3873 825 3945 longe
848 3878 914 3930 ante
929 3873 1129 3952 Andronicum
1144 3879 1277 3944 tempore
1293 3880 1382 3954 atque

221 3966 253 4024 —in
276 3966 349 4040 ipsis
372 3969 584 4032 Alexandrinae
607 3974 757 4031 doctrinae
780 3973 870 4031 initiis
893 3981 922 4031 et
945 3974 1069 4045 scriptos
1094 3987 1161 4031 esse
1177 3980 1206 4030 et
1220 3973 1380 4047 inscriptos

147 4152 149 4154 r
223 4068 368 4143 plurimos
391 4074 542 4134 clamante.
800 4079 802 4083 “
1020 4090 1022 4092 ·
1144 4121 1146 4123 .

241 4199 244 4201 Α
287 4172 548 4249 'comparantibus
576 4175 662 4233 nohis
691 4190 793 4234 eornm
820 4176 960 4234 lihrorum
989 4176 1141 4235 rationem·
1160 4192 1236 4250 quos
1266 4177 1380 4238 Aristo·

217 4276 283 4332 telis
311 4291 379 4335 esse
406 4287 435 4336 et
463 4277 527 4349 ipsa
554 4272 726 4359 perpetuae
745 4278 878 4336 lectionis
906 4294 964 4351 qua
992 4279 1097 4336 servati
1132 4287 1202 4337 sunt
1230 4280 1321 4362 gloria
1350 4291 1379 4340 et

215 4377 362 4434 scrihendi
386 4374 613 4448 disputandique
637 4375 796 4435 similitudo
813 4380 1004 4452 'dignitasque
1026 4389 1175 4439 asseverat
1198 4394 1264 4439 cnm
1288 4381 1371 4443 libris
