2992 5032
652 350 712 411 <tao

107 522 143 578 de
165 501 288 580 incessis
306 523 343 578 de
365 521 557 597 motuanim.
592 522 629 578 de
661 521 718 580 vita
745 530 774 595 et
796 533 889 583 morte
924 526 1108 599 maximeque
1130 529 1258 592 Politica.

106 623 260 710 Nedimum
288 623 366 681 enim
398 620 465 678 licet
487 623 590 680 harum
613 638 711 680 rerum
735 631 764 681 et
786 608 911 696 primum
940 623 988 701 (cl.
1013 629 1102 686 verba
1125 629 1189 690 eius
1212 651 1257 708 ap.

105 723 181 782 llott.
194 722 267 784 233.
280 721 358 796 234)
382 731 531 781 auctorem
555 731 583 781 et
606 723 862 798 diligentissimum
875 741 1022 798 quemque
1033 731 1143 802 posteri
1156 748 1259 794 omnes

104 827 305 886 exscriberem
327 825 434 882 multos
456 832 554 882 tamen
576 825 668 884 libros
690 824 902 898 versionesque
917 826 1078 899 vignorasse
1101 834 1146 889 vel
1169 849 1203 904 ex
1225 852 1260 894 eo

12 955 16 962 .
104 933 183 997 patet
205 928 285 1000 quod
307 927 418 995 nullam
441 925 604 1003 baheriait
625 926 691 985 libri
715 928 751 984 de
774 942 865 984 seusu
887 943 976 1000 quem
999 944 1035 986 ex
1058 930 1157 990 Parvis
1181 951 1208 1008 q.
1231 937 1259 994 d.

101 1023 288 1085 ’naturalibus
312 1029 409 1085 solum
432 1026 563 1085 nominat
589 1029 756 1087 versionem
791 1026 839 1104 (ct.
863 1028 940 1086 Hott.
958 1027 1029 1088 239.
1055 1031 1119 1090 Cas.
1136 1031 1166 1105 1,
1181 1032 1259 1096 306:

96 1116 182 1201 'quos
205 1130 331 1187 correxit
353 1128 479 1187 Hadschi
502 1128 555 1185 Kh.
574 1125 602 1199 5,
619 1126 686 1206 tol:
720 1130 750 1187 in
778 1146 868 1203 quem
895 1137 924 1188 et
950 1131 1002 1188 lbn
1025 1132 1157 1202 Badsche
1181 1151 1261 1194 eom-

106 1237 253 1291 mactatus
276 1238 322 1288 est
342 1239 373 1289 et
394 1237 490 1288 exstat
504 1229 648 1288 'Averrois
671 1231 857 1304 paraphrasis
879 1238 908 1309 et
930 1231 1018 1301 buius
1041 1232 1107 1290 libri
1130 1242 1159 1292 et
1181 1236 1199 1293 l.
1225 1239 1261 1296 de

105 1331 247 1389 memoria
280 1339 308 1391 ct
331 1348 435 1390 somno
465 1333 561 1404 deque
583 1333 662 1405 long.
686 1315 715 1389 et
735 1332 815 1390 brev.
841 1330 923 1388 vitae.
967 1332 1088 1392 Politice
1114 1351 1182 1395 vero
1211 1355 1275 1397 eur¹

106 1432 267 1505 numquam
294 1434 435 1490 translata
461 1433 569 1490 luerint
596 1440 686 1490 etex
714 1432 846 1506 ipsorum
861 1424 1044 1506 'argumento
1072 1443 1159 1494 etex
1182 1454 1262 1497 eom·

106 1540 303 1592 mentatorum
331 1524 509 1592 Graecorum
535 1535 678 1607 neglectu,
698 1534 781 1592 facile
808 1533 984 1606 explicatur:
1018 1536 1099 1607 quod
1122 1537 1199 1596 euim
1222 1518 1262 1596 ait

107 1634 250 1693 Averroes
278 1635 308 1692 in
336 1635 393 1692 fine
417 1635 529 1693 Comm.
557 1635 594 1690 ad
616 1635 680 1692 ltth.
708 1650 741 1692 se
768 1634 833 1692 libri
861 1633 940 1692 illius
967 1651 1026 1708 quo
1054 1637 1262 1697 continuentur

105 1735 207 1794 Etbiea
235 1738 271 1795 de
299 1737 442 1809 regimine
466 1736 540 1794 vitae
563 1734 581 1791 i.
606 1751 631 1793 e.
658 1720 857 1792 politicorum
879 1751 967 1808 quem
989 1736 1112 1798 Arabiae
1144 1739 1202 1812 legi
1226 1757 1261 1798 ex

106 1834 242 1894 Allarabii
275 1837 374 1897 verbis
407 1839 484 1896 bene
517 1837 598 1895 novit
630 1837 761 1895 nondum
796 1837 945 1910 exemplar
971 1844 1087 1896 nactum
1115 1855 1198 1913 esse,
1232 1841 1262 1900 id

106 1930 218 2009 spectat
244 1939 350 1998 librum
378 1939 461 1997 illum
489 1939 566 2012 apud
592 1935 703 1996 Arabes
726 1937 914 2004 Politicorum
936 1939 1061 1997 nomine
1088 1940 1262 2016 inscriptum

105 2036 154 2112 (ei.
179 2041 306 2099 lladschi
328 2041 382 2098 llh.
400 2039 430 2113 5,
446 2038 497 2099 97.
521 2039 619 2096 Wenr.
635 2056 664 2111 p.
681 2035 743 2097 136
768 2039 852 2096 cuius
874 2055 1003 2097 errorem
1019 2043 1145 2099 correxit
1160 2043 1260 2102 Renan

107 2141 144 2197 de
166 2141 237 2214 phil.
261 2142 353 2214 perip.
366 2159 412 2215 ap.
425 2141 489 2214 Syr.
502 2157 530 2213 p.
547 2137 600 2215 57)
625 2140 661 2196 de
683 2124 826 2211 regimine
847 2139 1013 2215 principum
1037 2140 1110 2214 (sive
1134 2143 1171 2199 de
1186 2143 1263 2217 regi-

107 2240 186 2299 mine
219 2241 294 2300 vitae
322 2243 358 2300 de
381 2239 632 2302 administratione
659 2239 742 2311 regni
770 2240 807 2297 de
830 2241 954 2299 sanitate
975 2242 1085 2298 tuenda
1100 2239 1168 2319 etc.)
1201 2244 1264 2304 sive

107 2342 260 2401 Secretum
294 2330 480 2402 secretorum
507 2343 544 2398 ad
569 2341 767 2397 Alexandrum
794 2342 929 2414 Magnum
964 2342 1061 2400 medio
1088 2357 1159 2400 aevo
1187 2344 1265 2416 apud

106 2438 228 2500 Latinos
250 2443 474 2503 celeberrimum
497 2450 526 2501 et
548 2441 578 2498 in
602 2449 667 2498 octo
691 2441 894 2512 distinctiones
918 2441 1044 2500 divisum
1066 2458 1126 2501 sec.
1148 2443 1263 2518 prolog.

107 2541 241 2616 Philippi,
265 2545 392 2603 auctoris
413 2551 511 2603 tamen
534 2551 566 2601 ut
587 2542 644 2600 alia
665 2544 754 2600 multa
781 2545 859 2617 apud
881 2544 991 2602 Arabes
1015 2543 1115 2602 Galeui
1138 2545 1265 2604 maxime

108 2645 364 2719 pseudepigrapha
397 2653 426 2703 et
460 2645 657 2704 recentissimi
690 2652 719 2702 et
750 2645 905 2701 manifesto
936 2645 1112 2708 Christiani„
1147 2645 1265 2706 Praeter

108 2744 215 2803 librum
238 2747 385 2806 decimum
402 2744 559 2821 (Arabibus
572 2745 622 2818 qui
635 2744 762 2817 primum
774 2751 930 2802 numerant
944 2737 983 2802 ed
996 2733 1027 2803 α’
1052 2735 1187 2805 ἔλαττον
1209 2763 1264 2804 un·

108 2847 266 2923 decimum)
290 2848 394 2920 reliqui
418 2861 523 2904 omnes
546 2832 1266 2927 Metaphysicorum'libriAverroiscommentario.

108 2948 242 3006 instructi
265 2955 362 3006 erant:
387 2949 465 3005 bunc
488 2947 565 3004 enim
588 2962 648 3004 non
670 2946 824 3019 ignorasse
836 2946 928 3005 libros
938 2935 973 3024 μ’
986 2955 1014 3005 et
1025 2936 1063 3017 ν’,
1087 2964 1265 3023 quamquam
1364 2953 1375 2976 ⁴

109 3065 168 3107 non
192 3055 287 3108 exstat
307 3049 404 3108 versio
432 3048 529 3118 latina,
557 3057 587 3106 et
613 3063 648 3106 ex
675 3048 854 3122 praelatione
878 3049 941 3108 cius
964 3049 995 3108 iu
1018 3049 1036 3107 l.
1060 3049 1110 3106 llll
1133 3050 1267 3123 sequitur

108 3158 138 3209 et
161 3168 197 3209 ex
219 3157 391 3225 argumento
407 3150 556 3222 Epitomae
580 3150 644 3209 eius
662 3150 691 3207 in
704 3151 874 3225 Metaphys,
897 3152 981 3210 cuius
993 3157 1132 3209 tractatus
1145 3151 1266 3223 quintus

109 3253 164 3311 etsi
187 3269 224 3311 ac
246 3253 294 3310 hic
317 3251 436 3324 quidem
458 3251 548 3309 latine
569 3268 683 3325 versure,
707 3259 827 3326 propter
842 3252 940 3325 ipsum
963 3253 1088 3309 sortasse
1110 3267 1267 3323 argumen-

109 3360 173 3410 tum
189 3369 269 3410 mere
281 3353 413 3412 criticum
426 3340 587 3426 neglectus,
610 3353 724 3410 tertiam
738 3369 774 3410 ex
785 3352 942 3409 Alexandri
954 3351 1099 3408 divisione
1115 3352 1266 3424 metaphy-

110 3453 189 3511 sieae
212 3454 418 3526 disputationis
440 3462 551 3525 partem
573 3454 728 3512 continens
751 3453 941 3524 „speculatur
963 3452 999 3508 de
1014 3451 1155 3508 subiectis
1171 3451 1268 3510 scien·
1368 3534 1370 3538 μ

111 3553 218 3610 tiaram
240 3553 458 3625 particularium
480 3561 509 3611 et
531 3559 662 3611 removet
684 3565 784 3623 corum
813 3567 927 3609 errores
950 3550 980 3607 in
1004 3566 1079 3624 quos
1092 3550 1269 3619 ,inciderunt

112 3652 241 3727 antiqui'
274 3652 337 3731 (Av.
372 3652 446 3726 Epit.
471 3670 499 3725 p.
516 3649 578 3712 357
592 3654 658 3711 be.
696 3650 792 3727 aeog.
827 3654 863 3711 ef.
899 3652 1009 3710 Comm.
1034 3653 1063 3712 in
1086 3654 1152 3713 Met.
1170 3650 1265 3714 aare.

112 3754 220 3827 2900).
265 3757 366 3814 Exstat
386 3759 536 3828 praeterea
558 3755 654 3813 versio
678 3755 819 3814 llehraiea
840 3755 983 3813 librorum
1005 3756 1031 3814 si
1043 3758 1062 3815 l.
1074 3744 1103 3814 κ’
1115 3755 1267 3829 exceperis

112 3859 243 3918 omnium
267 3865 363 3931 usque
386 3857 422 3915 ad
445 3855 497 3915 litt.
521 3856 606 3928 llem,
640 3871 716 3929 quae
745 3871 803 3914 sec.
836 3856 971 3915 ordinem
1005 3856 1150 3930 alphabeti
1178 3856 1267 3915 Hebr.

112 3963 273 4035 respondet
296 3961 423 4018 Graecae
445 3958 497 4016 liu.
522 3947 549 4016 ν’
573 3957 620 4032 (cl.
645 3974 721 4017 vers
744 3958 826 4016 Pauli
848 3959 899 4015 lsr.
922 3975 950 4031 p.
963 3955 1057 4018 287e.
1070 3952 1186 4035 2901)),
1220 3957 1267 4015 cui
1292 3990 1294 4005 ι

114 4077 189 4135 opus
213 4077 300 4120 suum
324 4079 349 4120 a.
374 4059 458 4120 1192
481 4059 609 4119 finientis
642 4060 776 4133 sequitur
798 4060 974 4133 subscriptio
996 4059 1134 4119 Averrois
1158 4055 1267 4134 (Pasini

115 4163 206 4222 Codd.
219 4165 288 4222 Mss.
301 4164 418 4222 Tauria.
435 4165 447 4220 l
462 4180 489 4234 p.
504 4159 545 4220 14
558 4161 626 4239 sq).
664 4162 783 4220 Latinae
806 4169 904 4220 autem
926 4161 1070 4241 versionis
1086 4157 1158 4235 (non
1170 4167 1268 4217 textus

114 4256 241 4342 Arabici)
274 4266 347 4323 aliae
382 4279 500 4337 quoque
534 4265 651 4323 luerunt
679 4264 801 4322 lacunae
826 4252 881 4340 *(cl,
904 4263 1002 4336 hoger
1023 4263 1100 4319 Baco
1121 4259 1177 4332 Op.
1200 4259 1268 4317 mai.

116 4383 143 4437 p.
160 4361 225 4441 46),
248 4366 328 4456 velut
351 4365 415 4423 libri
432 4355 462 4425 α’
486 4366 601 4425 initium
614 4365 747 4422 mutilum
762 4384 789 4438 p.
803 4363 841 4422 tia
853 4364 968 4453 (incipit
980 4362 1058 4420 enim
1071 4360 1100 4432 1.,
1114 4358 1142 4419 5.
1154 4357 1268 4439 987,9)
1348 4402 1352 4408 «
1440 4383 1448 4389 ‚

161 4489 226 4531 llere
245 4481 351 4529 delihris
370 4481 509 4531 Aristotelis.
533 4490 534 4493 ’
711 4541 723 4564 0
1028 4462 1069 4522 10
