2954 5034
744 314 784 373 66

190 487 349 546 ninistotete
370 493 510 559 eneerptu
534 491 562 542 et
584 490 738 543 retractatu
760 481 988 556 monograpitias
1017 481 1204 538 continerent
1228 479 1359 552 discipu-

192 591 291 646 iorum
316 604 415 657 more,
450 587 534 644 cuius
559 583 604 642 rei
621 586 767 657 exempla
794 585 886 642 habes
911 591 1028 657 praeter
1054 583 1155 640 titulos
1181 597 1199 638 a
1226 581 1358 654 Diogene

192 690 300 748 citatos
330 689 474 747 Stratonis
504 687 576 745 iliud
604 677 769 765 περὶτοῦ
796 677 960 766 προτέρου
990 678 1047 744 καὶ
1068 673 1208 764 ὑστέρου
1238 683 1267 751 in
1296 697 1358 755 uuo

182 783 345 863 πολλοὺς
376 777 643 870 σἰπηριθμήσοιτο
676 776 822 867 τρόπους
850 786 972 863 (Simpl.
999 787 1030 843 in
1055 785 1114 843 Cat.
1140 787 1206 848 Sch.
1230 786 1281 858 90,
1306 785 1358 847 13.

198 890 249 963 89,
263 889 331 962 39),
354 888 545 963 Theophrasti
569 882 648 970 περὶ
669 877 891 970 καταφάσεως
913 880 969 947 καί
991 876 1200 969 ἀποφάσεως
1213 889 1302 946 Alex.
1326 888 1358 945 in

202 995 272 1064 Top.
286 989 571 1063 carosanum.
586 988 672 1048 1441)
685 988 735 1049 32.
759 990 791 1046 Ι).
804 990 836 1047 L.
851 985 881 1060 5,
892 989 935 1046 44
958 995 987 1046 et
1007 982 1086 1067 περὶ
1101 986 1167 1047 τῶν
1182 984 1359 1064 πολλαχῶς

201 1094 252 1167 qui
275 1093 349 1150 liber
372 1092 541 1150 dialecticus
565 1092 616 1163 (ai.
641 1090 688 1148 Ar.
711 1092 782 1164 Tap.
796 1089 825 1160 1.,
839 1087 878 1148 15
903 1099 931 1149 et
947 1090 1126 1162 Categorias
1150 1091 1356 1164 Alex.inTop.

202 1193 274 1265 261,
292 1193 349 1264 22)
383 1193 412 1249 in
444 1192 541 1250 indice
569 1191 707 1265 Diogenis
738 1191 815 1249 inter
841 1193 1058 1264 Theophrastea
1084 1207 1149 1248 rnon
1178 1201 1359 1250 utemuratus

203 1296 281 1352 idem
304 1294 420 1352 videtur
441 1309 508 1351 esse
530 1309 596 1350 cum
621 1309 655 1351 eo
679 1309 767 1366 quem
790 1293 939 1351 Aristoteli
963 1296 1011 1352 dat
1032 1293 1081 1351 ille
1105 1291 1149 1368 (5,
1167 1289 1224 1363 23)
1254 1295 1359 1351 eodem

203 1403 235 1453 ut
262 1397 336 1460 alter
363 1394 466 1452 titulus
494 1395 580 1452 docet
608 1393 639 1451 in
671 1403 843 1466 argumento
875 1404 1040 1454 versantem
1072 1386 1167 1475 (περὶ
1182 1390 1253 1452 τῶν
1274 1388 1359 1454 κατὰ

203 1486 393 1579 ’πρόσθεσιν
415 1488 639 1574 λεγομένων).
663 1512 688 1554 e.
712 1489 769 1556 καί
787 1488 834 1578 μή
859 1483 991 1570 ἁπλῶς,
1014 1495 1071 1554 nisi
1094 1495 1194 1567 potius
1217 1503 1261 1552 est
1283 1490 1361 1575 περὶ

96 1663 101 1682 .
203 1595 268 1657 τῶν
297 1590 380 1658 κατὰ
410 1587 599 1678 πρόσθεσιν
621 1631 662 1638 -
689 1598 724 1655 cs.
749 1599 878 1661 Waither
899 1597 1011 1668 Burley
1039 1596 1075 1653 de
1102 1597 1150 1653 vit.
1175 1597 1245 1669 phil.
1270 1615 1294 1654 c.
1313 1595 1360 1657 53

204 1702 262 1772 „de
292 1699 349 1757 hiis
376 1715 457 1770 -quee
489 1699 697 1773 multipliciter
726 1699 863 1757 dicuntur
893 1699 940 1756 vel
971 1699 1168 1763 seeundum
1198 1700 1361 1758 additio-

204 1801 301 1857 nem''
323 1833 364 1840 —
387 1795 564 1875 πολλαχῶς
586 1793 771 1880 λεχομὲνων
786 1795 842 1860 καὶ
861 1793 906 1881 μή
930 1789 1008 1859 καθ’
1033 1789 1225 1876 ὁμωνυμίαν
1241 1802 1276 1857 cf.
1289 1803 1359 1874 t'up.

113 1884 115 1887 ¹
205 1901 235 1973 2,
247 1898 276 1959 3.
291 1898 377 1960 1101)
392 1898 431 1959 16
444 1919 509 1974 sqq.
524 1901 553 1973 2,
567 1901 606 1961 11
631 1904 667 1959 de
687 1901 796 1974 quibus
819 1902 1070 1975 Theophrasteum
1092 1917 1211 1975 quoque
1230 1902 1360 1961 libellum

206 2003 303 2074 egisse
321 2002 482 2068 ,Alexandri
510 2004 663 2063 citationes
690 2005 796 2064 docere
826 2003 963 2061 videntur
985 2002 1051 2061 set.
1066 2000 1152 2061 2661)
1165 2001 1214 2061 tt.
1234 2001 1306 2074 284,
1320 2003 1362 2063 28

190 2106 242 2162 οιί
259 2103 329 2177 dap.
343 2101 499 2163 110528.
514 2103 585 2177 130,
598 2104 634 2178 8)
663 2113 691 2163 et
713 2121 730 2161 a
756 2104 882 2176 ttetaph.
901 2103 936 2159 IV
962 2119 1029 2160 cum
1055 2120 1117 2176 uuo
1137 2105 1264 2162 conferri
1287 2097 1384 2162 solet

205 2207 267 2278 (vel
289 2223 307 2263 a
325 2207 439 2263 Bonita.
465 2205 576 2264 Garum.
599 2224 627 2280 p.
638 2206 676 2279 6)
698 2206 764 2263 sine
784 2204 874 2262 dubio
897 2205 1055 2263 diversum.
1101 2206 1141 2263 Ita
1163 2214 1192 2264 et
1214 2206 1362 2264 Aristoteli

192 2307 262 2379 -ipsi
287 2308 528 2380 'falso-adscripti
561 2315 630 2364 sunt
656 2315 772 2387 praeter
802 2307 1035 2377 propositionum
1065 2314 1095 2363 ct
1121 2313 1362 2380 argumentorum

193 2400 396 2465 ·=ootlectiones
416 2407 484 2463 ¹libri
500 2403 586 2488 περὶ
604 2405 671 2465 τῶν
693 2395 937 2485 προβλημάτων
949 2408 997 2479 (D.
1011 2410 1042 2465 L.
1056 2406 1084 2479 5,
1099 2406 1148 2466 23.
1162 2409 1215 2466 An.
1230 2409 1264 2466 cs.
1278 2408 1359 2465 Alex.

197 2505 239 2561 ‘in
251 2506 320 2577 Tap.
334 2502 407 2575 258,
420 2505 476 2579 21)
489 2514 518 2565 et
527 2500 569 2568 τὰ
592 2501 659 2586 πρὸ
680 2506 746 2566 τῶν
755 2496 870 2567 τόπων
882 2508 932 2578 (cf.
947 2509 978 2564 D.
991 2510 1022 2566 L.
1036 2507 1065 2581 5,
1076 2509 1132 2581 49)
1146 2524 1186 2567 sc.
1200 2509 1361 2566 divisiones

156 2670 158 2673 .
191 2598 370 2686 περὶτῶν
392 2604 550 2684 ποσαχῶς
564 2609 633 2667 sive
654 2608 816 2682 categoriae
839 2623 963 2680 quarum
979 2610 1363 2682 q1uaeiudialecttcatuertt

191 2707 278 2766 >ratio
303 2710 388 2770 donet
409 2710 479 2783 Top.
494 2709 522 2783 1,
535 2708 619 2770 8-9
646 2717 674 2768 et
697 2725 776 2783 *quae
804 2724 840 2766 ex
867 2698 1057 2783 Theophrasti
1087 2720 1115 2771 et
1140 2711 1261 2769 Eudemi
1285 2706 1363 2794 περ-λ

207 2803 328 2882 λέξεως
344 2811 431 2868 diteris
454 2812 580 2870 citantur
607 2813 728 2885 (Brund.
747 2813 801 2870 Ru.
820 2811 963 2868 Musaei.
977 2813 1030 2883 Ι,4
1046 2831 1073 2886 p.
1087 2810 1149 2872 271
1163 2815 1239 2887 sep),
1273 2815 1360 2874 cuius

204 2911 270 2969 libri
295 2912 458 2970 secundum
481 2912 646 2981 ¹Aristotelis
670 2913 845 2972 sententiam
869 2913 1144 2985 comprehendentis
1161 2923 1189 2972 et
1200 2894 1360 2989 categorias

206 3012 313 3085 quibus
326 3026 389 3084 >per
411 3013 513 3069 decom
537 3029 652 3071 summa
673 3030 782 3087 genera
804 3013 959 3085 descriptis
987 3028 1091 3074 ornnes
1115 3012 1360 3093 homonymorum

202 3113 338 3170 omnium
362 3112 466 3169 modos
489 3111 631 3171 contineri
655 3116 740 3172 docet
762 3107 841 3174 etad
854 3105 986 3174 ἐναντία
1009 3117 1140 3175 ultimam
1158 3119 1233 3176 hanc
1248 3127 1359 3192 partem

203 3213 362 3286 seperatim
385 3217 584 3294 exequebatur
605 3215 680 3272 liber
695 3209 869 3297 «περί-τῶν
890 3203 1125 3292 ἀντικειμένων
1153 3215 1245 3303 (περὶ
1267 3214 1360 3288 ἐναν-

203 3306 283 3375 τίων
301 3317 337 3373 ῑΙ).
356 3317 387 3374 t.
400 3315 435 3389 5,
454 3317 504 3376 22.
529 3319 564 3376 ci.
591 3319 633 3375 W.
647 3314 743 3390 1431)
776 3318 937 3391 Porphyrio
971 3319 1088 3391 (Simpl.
1108 3320 1142 3376 in
1166 3321 1225 3380 Cat.
1238 3320 1289 3394 83,
1302 3321 1358 3398 14)
1445 3377 1455 3394 ,

199 3417 365 3477 -iumbliclto
388 3420 442 3492 (iu.
455 3417 507 3493 88,
520 3419 576 3491 29)
600 3427 630 3478 ct
652 3419 801 3493 Simplicio
825 3421 918 3477 tectus
940 3420 992 3492 qui
1009 3421 1063 3476 trac
1075 3421 1204 3480 doctrina
1216 3423 1358 3481 minutius

204 3519 291 3576 etiam
310 3524 432 3579 conculta
454 3530 486 3580 et
513 3522 651 3581 subtilius
679 3521 772 3580 divisa
794 3523 845 3595 (cf.
858 3519 1057 3595 suescat.
1073 3520 1125 3595 84,
1142 3522 1171 3580 2.
1186 3524 1214 3583 6.
1227 3521 1292 3583 861)
1305 3524 1355 3582 42.

78 3681 81 3686 ,
191 3615 270 3674 881)
278 3616 316 3688 5)
341 3628 369 3676 et
390 3639 497 3694 magno
514 3613 665 3703 ἀποριῶν
676 3639 778 3681 acerva
792 3626 932 3698 congesto
945 3622 1011 3698 (83,
1025 3623 1074 3686 ts.
1088 3615 1358 3698 quarumcxempta

193 3716 286 3787 11³⁰ssst
309 3718 409 3791 Simpl-
422 3719 474 3794 83,
488 3721 624 3783 25-33.
641 3720 693 3795 84,
705 3722 764 3793 29)
791 3726 838 3782 vel
865 3727 1076 3799 categoriarum
1104 3727 1180 3781 libro
1200 3723 1356 3781 manifesto

191 3816 349 3889 *posterior
364 3821 407 3876 >ad
429 3806 594 3881 Stoicorum
616 3833 648 3882 et
668 3825 822 3900 Chrysippi
844 3832 975 3898 tempora
997 3833 1026 3884 et
1037 3825 1067 3882 in
1076 3823 1126 3882 his
1138 3823 1228 3880 rebus
1239 3823 1356 3901 subtili-

193 3918 295 3975 tatem
305 3920 424 3979 accedit.
456 3923 510 3981 'His
524 3940 560 3980 ex
575 3925 722 3985 indicibus
733 3928 862 3985 addendi
880 3935 948 3986 sunt
967 3926 1032 3985 libri
1051 3916 1129 4003 περί
1145 3920 1206 3984 τοῦ
1222 3914 1356 4004 αἱρετοῦ

189 4014 256 4081 ναί
277 4017 337 4080 τοῦ
357 4013 602 4102 συμβεβηκότος
614 4022 671 4099 (λ),
695 4022 773 4109 περὶ
795 4019 893 4089 εἰδῶν
903 4021 960 4088 καί
971 4024 1072 4107 γενῶν
1084 4021 1141 4098 (i),
1164 4021 1243 4107 περὶ
1260 4017 1355 4086 ίόίων

190 4122 247 4197 -(·ο1.
271 4124 320 4180 W.
341 4124 451 4198 ¹Burdey
478 4126 496 4182 l.
520 4137 560 4191 e.
580 4128 616 4185 dc
646 4141 754 4200 genere
781 4129 879 4202 specie
904 4137 938 4187 et
964 4127 1081 4200 proptio
1105 4128 1145 4203 Ι),
1178 4117 1251 4210 ὅροι
1286 4123 1353 4210 πρὸ

184 4222 262 4287 τῶν
287 4218 435 4294 coeundo
457 4227 516 4298 Vll,
547 4214 696 4309 ὃρισμοί,
730 4221 833 4293 τόποι
863 4223 948 4312 πρὸς
979 4221 1057 4300 τούς
1089 4219 1187 4311 ὅρους
1204 4231 1241 4302 il,
1275 4226 1354 4311 περὶ

193 4317 385 4410 ἐρωτήσεως
416 4320 473 4390 καί
499 4317 728 4412 νάπουρίσεωςε
772 4347 897 4406 quorum
931 4346 1027 4404 nequa
1059 4333 1114 4390 hos
1140 4333 1224 4397 ¹dutus
1253 4348 1351 4405 neque
