2954 5034
792 326 835 394 32

235 501 351 564 dicente
372 499 408 556 de
431 490 731 562 Caeciliocalactiuc
749 504 777 555 et
799 496 948 568 Habinna,
972 506 1028 555 nec
1049 497 1086 570 ad
1108 504 1236 557 vetarem
1257 497 1396 573 Hermip÷
1423 529 1450 547 ¹·

236 619 305 675 pum
334 600 481 674 pertinere
503 601 562 674 *sed
588 602 625 657 ad
654 599 801 673 Berytium
824 606 904 670 patet
926 600 1017 660 libros
1046 594 1124 681 περὶ
1152 597 1224 658 τῶν,
1249 589 1394 672 ἐνδόξων

235 690 365 782 ἀνδρῶν
387 691 507 780 ἰατρῶν
533 717 659 774 quorum
682 703 803 789 quintus
831 716 888 759 unu
904 702 1131 769 ,cumPlrilonis
1150 701 1259 776 Byblii,
1282 702 1393 776 Berytii

236 804 376 878 magistri,
400 794 491 861 libris¹
505 797 582 883 περὶ
603 792 828 884 βιβλιοθήκης
850 792 995 884 κτήσεως
1018 803 1068 876 (ei.
1084 804 1164 867 suad.
1180 805 1261 873 av.)
1285 804 1399 867 et-So·

235 907 299 965 rani
325 897 644 986 ἰατριῦνδιαδσχαῖς
672 905 776 963 citatur
801 904 831 961 in
859 906 976 967 Scholia
1005 908 1041 963 ad
1070 906 1190 965 Oribas,
1212 905 1285 963 dull.
1312 907 1392 962 rnad.

235 1009 286 1078 44,
307 1005 326 1065 7
356 1006 437 1078 (ilai,
460 1005 552 1063 Class.
579 1014 654 1064 auct.
675 1008 720 1076 IV,
744 1023 771 1079 p.
791 1004 862 1079 tt);
902 1007 952 1080 qui
981 1024 998 1066 a
1021 1008 1112 1066 Suida
1134 1010 1179 1079 (v.
1200 997 1393 1086 Αἰσχρίων)

235 1109 339 1167 citatur
365 1096 554 1186 Νίκανδρος
581 1096 600 1168 ὁ
623 1096 860 1191 Ἀλεξανδρεὺς
887 1098 923 1168 ἐν
948 1106 994 1192 τῷ
1017 1103 1095 1190 περὶ
1115 1099 1393 1189 voluptatati-

236 1207 314 1282 toea
334 1207 499 1290 μαθητῶν
522 1210 636 1270 videtur
657 1226 726 1268 esse
748 1211 875 1269 Nicanor
890 1211 1104 1271 Alexandrinus
1121 1211 1393 1285 Hermippiaequa-

235 1314 272 1374 lis
295 1345 336 1354 —-
359 1294 492 1370 Hermiui
511 1328 619 1370 nonren
642 1313 765 1371 illustris
788 1312 865 1386 illius
883 1312 958 1396 inter
968 1313 1133 1388 Aristotelis
1146 1320 1404 1383 commentatores

235 1414 350 1489 Aspasii
379 1412 514 1486 discipuli
544 1419 572 1470 et
602 1413 757 1472 Alexandri
776 1396 1027 1487 'Aphrodisiensis
1056 1415 1189 1489 magistri
1221 1416 1309 1487 (Scin
1328 1413 1393 1476 494

236 1508 317 1578 oet.
340 1511 413 1586 495,
425 1515 476 1586 4),
511 1513 560 1586 qui
589 1530 766 1588 quamquam
793 1532 852 1574 nou
881 1525 917 1576 ut
939 1517 1130 1577 Andronicus
1151 1518 1202 1594 (cl.
1220 1517 1307 1584 etiam
1324 1517 1392 1576 Seu
1452 1592 1454 1594 q

237 1600 331 1684 totu
345 1618 374 1690 9,
386 1615 444 1705 41)
467 1623 495 1674 et
509 1615 659 1690 Adrastus
683 1618 766 1690 (Seli.
779 1615 873 1677 3211)
896 1608 931 1680 ἓν
952 1616 1000 1679 aad
1015 1612 1166 1701 περὶτῆς
1186 1607 1313 1691 τάξεως
1326 1615 1394 1678 τῶν
1436 1607 1437 1610 '

232 1711 484 1802 Ἀριστοτέλους
510 1708 785 1799 συγγραμμάτων,
817 1722 852 1778 es.
881 1722 1005 1791 Brandis
1032 1721 1176 1793 Ausleger
1197 1738 1224 1794 p.
1242 1719 1321 1791 277)
1355 1721 1393 1785 de

234 1824 377 1880 librorum
404 1819 569 1878 Aristotelis
597 1820 711 1880 ordinev
726 1822 825 1906 egisse
852 1822 926 1895 ipsis
953 1823 1051 1890 verbis
1067 1824 1218 1895 dicatum.
1235 1832 1334 1883 tamen*
1361 1830 1394 1888 ut

234 1908 414 1998 posteriores
437 1912 623 1998 ¹scholiorum
652 1923 810 1996 scriptores
843 1924 1058 1994 (adilavidem
1085 1925 1272 1983 Amrnouium
1296 1924 1398 1989 Phile.

234 2026 360 2100 panum)
390 2024 430 2082 ita
458 2023 572 2096 priores
603 2021 720 2097 quoque
749 2008 859 2085 nurnes'
875 2058 917 2066 —
945 2027 984 2084 ita
1011 2026 1140 2095 Galenus
1169 2026 1287 2098 scripsit
1314 2019 1416 2105 oapi<

234 2125 293 2210 τῆς
314 2115 440 2200 ταξὲως
461 2122 528 2184 τῶν
550 2115 644 2185 ἰδίων
665 2117 808 2204 βιβλίων
819 2158 859 2168 -—
872 2136 900 2186 et
912 2128 1076 2186 accuratius
1098 2128 1217 2209 quidem
1233 2127 1270 2185 id
1286 2126 1412 2193 iecisse

234 2238 263 2290 et
285 2236 516 2287 consentaneum
539 2236 585 2286 est
606 2236 636 2286 et
657 2229 693 2286 de
714 2228 855 2287 Hermiou
883 2229 951 2287 inde
974 2224 1116 2302 sequitur
1135 2230 1214 2302 quod
1238 2244 1329 2302 quum
1347 2223 1394 2288 aui

235 2324 302 2412 πρὸ
324 2328 390 2389 τῶν
412 2317 537 2388 τόπων
554 2330 590 2407 ad
613 2314 792 2387 dialecticam
820 2330 913 2387 solam
933 2332 1080 2403 pertinere
1103 2339 1183 2388 ratus
1206 2331 1288 2404 (Sch.
1302 2328 1342 2389 31
1358 2333 1393 2403 b)
1442 2312 1448 2317 ⁵

235 2432 409 2505 inscriberet
442 2429 614 2502 categorias¹
635 2430 740 2501 (David
768 2430 797 2488 in
820 2430 882 2488 Cat.
899 2428 942 2491 81
958 2427 1045 2504 1125)
1077 2431 1236 2489 Adrastum
1255 2439 1391 2495 ,secutus

235 2535 319 2615 (Seli.
343 2526 797 2602 pernoctassemus.
830 2545 918 2604 quem
948 2533 1071 2599 titulum
1096 2541 1210 2607 praeter
1240 2534 1395 2606 vulgarem,

235 2642 348 2709 postea
367 2633 485 2700 demum
513 2627 541 2702 5,
559 2629 600 2700 29
632 2639 661 2689 et
686 2632 752 2689 loco
780 2647 867 2704 quam
897 2633 1023 2701 manime
1050 2634 1247 2708 inopportuno
1263 2634 1391 2702 euml.

234 2730 312 2815 περὶ
334 2723 507 2816 ἑρμηνείας
529 2731 685 2806 repetitum
707 2733 795 2823 hahet
817 2734 849 2801 D.
862 2735 894 2792 L.
909 2732 938 2805 5,
951 2735 1006 2809 243
1030 2752 1089 2795 non
1113 2735 1261 2795 enimlric
1277 2742 1393 2808 spectat

233 2837 468 2920 adTopicorum
491 2835 618 2908 primum
640 2835 675 2893 cf.
699 2835 779 2893 Alex.
804 2836 833 2894 in
857 2838 927 2910 Top.
950 2838 1018 2897 Seli.
1042 2835 1272 2911 252not‚nnn
1295 2840 1392 2912 magis

233 2955 321 3014 quarn
350 2937 385 2994 ad
410 2946 544 2995 octavum
568 2936 709 2995 librorum
732 2938 866 3001 eiusdem
895 2940 1058 3014 argumenti
1079 2942 1182 3001 titulus
1204 2959 1241 3001 rr.
1258 2930 1412 3024 ›operarie--

213 3029 317 3115 Ισεως
342 3032 399 3099 καὶ
427 3027 637 3120 ἀποκρίσεως
659 3038 691 3098 Ι).
709 3039 741 3096 L.
758 3036 787 3110 5,
805 3037 846 3117 23
877 3042 915 3100 cl.
939 3042 1019 3101 Alex.
1049 3042 1079 3100 iu
1103 3044 1173 3115 T0p.
1191 3036 1263 3115 299,
1283 3041 1324 3101 tt
1347 3077 1392 3086 ——

233 3162 323 3220 quum
348 3141 468 3204 oiunino
491 3157 598 3198 vanum
621 3139 659 3198 sit
682 3139 874 3214 singularium
896 3144 974 3216 apud
989 3145 1020 3201 lt.
1039 3145 1069 3202 t.
1092 3152 1265 3204 tractatuum
1287 3146 1391 3205 titulos

232 3249 260 3306 in
290 3246 362 3320 ipsis
396 3243 478 3300 libris
512 3242 635 3302 serratis
665 3257 806 3313 quaerere
838 3246 917 3316 quod
942 3252 1010 3320 post
1036 3245 1131 3303 Buhlii
1159 3247 1198 3304 de
1225 3248 1391 3308 Aristotelis

232 3346 314 3421 libris
342 3334 501 3418 deperditis
529 3343 764 3402 dissertationem
793 3353 821 3405 et
847 3346 1065 3420 ineptissimum
1088 3347 1170 3405 Titzii
1197 3350 1328 3410 libellum
1351 3333 1405 3411 de'

231 3450 317 3518 Arist.
341 3463 409 3521 opp.
435 3445 511 3505 serie
527 3463 556 3519 p.
567 3444 591 3506 7,
599 3460 663 3522 sqq.
681 3430 731 3504 25.
748 3443 789 3506 32
802 3463 866 3522 sqq.
890 3449 1023 3522 aliosque
1038 3450 1147 3508 multos
1162 3451 1250 3508 'etiam
1263 3453 1390 3512 Brendis

229 3551 350 3632 Aristot
372 3549 393 3604 l.
421 3564 449 3620 p.
473 3545 512 3606 79
541 3546 680 3622 instituit)
719 3558 839 3625 propter
871 3549 1174 3626 postpraadicamenta
1207 3552 1317 3613 scilicet
1349 3556 1389 3614 cf.

231 3650 375 3723 Theoplrr.
400 3649 467 3707 Sch.
489 3645 541 3717 89,
569 3650 606 3705 de
630 3650 790 3723 logicorum
818 3660 895 3717 certe
918 3651 1024 3725 ordine
1041 3660 1073 3712 et
1095 3655 1264 3714 auctoritate
1288 3656 1395 3727 egisse<

229 3735 408 3823 intelligitur.
455 3749 594 3823 Sequitur
619 3752 697 3836 σασα
724 3752 793 3821 iude
819 3770 898 3813 cumv
913 3753 987 3810 libro
1004 3755 1050 3812 de
1078 3752 1315 3825 interpretatione
1339 3774 1390 3816 se·>

114 3920 117 3923 ,
231 3854 360 3933 cundum
383 3852 583 3925 Andronicum
607 3853 708 3927 spurio
724 3856 836 3915 omisso
851 3887 892 3897 -
908 3853 1141 3912 cousentientem
1152 3853 1182 3912 in
1197 3854 1251 3913 hae
1266 3855 1387 3927 quidem

232 3973 263 4014 re
280 3965 315 4037 et
337 3955 461 4016 Adrasto
485 3954 536 4027 (ci,
560 3955 661 4029 Simpl.
686 3955 800 4018 intCat.
825 3958 878 4016 ed„
895 3956 971 4020 Bas„
986 3970 1014 4028 p.
1029 3955 1065 4026 4)
1089 3963 1117 4014 et
1138 3953 1388 4021 Andronicoliuet

144 4064 146 4067 ’
228 4055 597 4133 postpraedicameutorum
631 4056 797 4114 auctoritati,
824 4059 977 4115 adversata
1005 4055 1122 4129 (Simpl.
1138 4053 1190 4127 81,
1207 4057 1300 4117 979)
1317 4076 1385 4133 quo

228 4161 293 4218 loco
320 4159 441 4218 dubium
469 4167 615 4230 estquae
643 4158 678 4214 ad
707 4155 907 4225 Andronicum
935 4171 1010 4228 quaa
1036 4157 1084 4219 ad,
1099 4157 1173 4219 alios
1201 4160 1271 4218 illos
1294 4163 1405 4234 perti-v

226 4269 327 4333 neaut3
346 4275 459 4341 ,neque
489 4259 578 4333 igitur
604 4257 825 4330 protopicuruun
850 4257 966 4321 titulum
993 4259 1160 4321 Andronico
1187 4262 1384 4336 antiquiorem

226 4379 294 4421 esse
316 4378 369 4436 pro
392 4369 471 4427 certo
494 4340 748 4430 nondumpotest,
764 4375 790 4415 v.
804 4357 938 4429 Blandis
961 4358 1105 4434 Aualeger
1119 4364 1172 4423 des
1184 4358 1252 4438 Org.
1268 4381 1296 4439 p.
1309 4363 1402 4425 2732*
