2992 5032
747 321 790 432 aa

195 497 350 577 Plutarcho
365 495 506 556 adridat
518 493 560 556 20
582 495 623 554 de
631 493 770 567 Delphico
794 491 845 551 illo
867 485 985 570 pacida
999 479 1122 548 σαυτὸν
1140 483 1350 560 philosophiae

196 597 362 679 Socradcae
388 594 564 671 principio),
596 596 622 654 is
656 595 819 655 secundum
848 591 1088 668 olympiodorum
1121 587 1167 661 (in
1190 587 1277 660 Gorg.
1302 585 1350 643 ed.

196 699 265 760 alt,
286 699 360 761 Jahn
386 697 421 759 in¹
443 697 540 756 Jahn's
567 697 672 756 Archiv
688 694 757 761 ttlv.
785 693 883 766 Leipz.
903 689 989 753 teas
1010 709 1039 766 p.
1056 687 1134 762 395)
1165 677 1275 770 λόγος
1298 685 1353 745 luit

196 792 456 880 ίμιινμιαστικὸς
478 801 514 859 de
536 799 594 858 vita
615 797 745 857 Platonis
782 786 968 868 (daviderat
990 786 1052 876 γὰρ
1073 786 1132 853 τὸν
1152 782 1228 869 βίον
1250 779 1353 852 αὐτοῦ

198 895 255 961 καί
284 889 519 981 ὑπιοειταινεῖ)
557 901 607 974 qui
642 898 841 973 Speusippum
879 897 1002 956 decebat
1038 895 1141 966 (euius
1169 882 1353 964 Πλάτωνος

198 989 360 1082 ἐγκώμιον
381 1004 470 1063 hahet
491 1002 579 1063 iudea
600 1003 633 1061 ll.
650 1001 682 1058 L.
698 999 729 1069 4,
745 995 781 1071 5)
804 1005 834 1056 et
855 998 1070 1057 Hermodorum
1093 998 1130 1055 de
1151 995 1210 1054 vita
1224 993 1353 1055 Platonis

200 1103 378 1185 scribentem
405 1111 578 1176 ceterosque
600 1101 776 1171 Platonicos,
799 1115 859 1158 nnn
882 1099 1076 1160 Aristotelem.
1121 1097 1203 1166 Quae
1224 1112 1294 1155 vero
1317 1097 1355 1154 de

201 1203 359 1278 Speusippi
388 1210 417 1262 et
442 1203 615 1264 Xenocratis
647 1201 835 1277 philosophia
865 1201 994 1259 edidisse
1027 1201 1215 1270 credebatur,
1248 1214 1283 1257 ea
1310 1198 1356 1257 rel

147 1335 152 1347 ·
201 1304 372 1383 Xenocratis
399 1320 523 1377 nomen,
549 1305 634 1364 cuius
662 1319 754 1378 quum
781 1319 983 1372 numerorum⁴
998 1303 1161 1362 doctrinam
1183 1315 1272 1374 saepe
1294 1315 1356 1357 ma-

201 1406 338 1485 ximeque
360 1406 390 1465 in
412 1406 618 1482 Metaphysicis
646 1407 752 1467 refutet
781 1412 944 1479 numquam
967 1412 1069 1467 *mmm
1095 1410 1197 1478 utpote
1231 1400 1357 1464 viventis

203 1515 232 1567 et
264 1507 349 1581 amici
382 1523 491 1599 nomen
523 1509 625 1583 tangit,
657 1514 726 1581 post
752 1506 799 1565 ot.
820 1503 938 1577 llas
969 1486 1153 1579 mortemque
1182 1502 1358 1562 =Xanoeratis

204 1609 311 1682 scripta
334 1624 401 1672 esse
423 1610 552 1685 arguit„
1083 1652 1084 1655 ,
1213 1675 1219 1681 ¹

289 1709 436 1782 Cognatas
462 1711 681 1784 quodammodo
707 1717 737 1768 et
762 1711 875 1769 ratione
901 1719 932 1770 et
958 1710 1082 1771 consilio
1110 1708 1241 1771 historiis
1263 1707 1359 1781 philo

205 1809 308 1896 sophis
331 1810 495 1883 ceterisque
517 1811 607 1870 huius
629 1811 747 1885 generis
769 1819 838 1870 sunt
854 1813 1008 1886 epitomae,
1033 1826 1107 1886 quas
1118 1809 1225 1868 iecisse
1235 1809 1361 1868 traditur

205 1909 376 1989 Aristoteles
402 1912 544 1973 lihmrum
568 1912 784 1973 Platonicorum
809 1921 839 1972 et
860 1914 1048 1987 Reipublicae
1071 1913 1119 1985 (ll.
1135 1913 1167 1970 L.
1184 1908 1214 1984 5,
1230 1911 1287 1970 22,
1303 1912 1358 1968 An.

206 2011 305 2073 wem.
322 2009 469 2084 lddteit
493 2014 587 2074 Procl.
610 2015 702 2089 praei.
725 2015 756 2072 in
777 2015 821 2072 Pl
843 2015 946 2088 llemp.
969 2030 1028 2073 sec.
1047 2014 1245 2073 Fabricllihl.
1258 2030 1300 2088 gr.
1314 2013 1360 2084 lll,
1411 2016 1413 2020 ’
1469 2012 1471 2015 ’

205 2111 270 2174 400
284 2113 379 2185 Harl.)
402 2121 431 2172 ct
453 2117 565 2189 Legum
587 2117 635 2188 (ll.
651 2117 685 2174 h.
701 2113 730 2188 5,
747 2115 798 2174 22.
814 2116 885 2188 dn.)
912 2123 941 2175 et
962 2115 1072 2174 Timaei
1092 2112 1145 2188 ,(5,
1161 2112 1211 2174 25.
1228 2115 1300 2186 hu.)
1323 2113 1359 2172 cl.

207 2214 309 2290 stmpt.
333 2216 371 2279 de
390 2217 475 2279 ,coelo
491 2216 579 2277 teth
594 2213 635 2276 37
662 2218 713 2276 uhi
740 2216 818 2280 hene
844 2232 935 2276 nosse
961 2216 1148 2276 Aristotelem
1175 2216 1304 2275 Platonis
1331 2215 1361 2277 in

205 2315 322 2375 Timaeo
345 2317 521 2380 sententiam
543 2334 721 2392 eo-quoque
744 2317 953 2391 comprobatur
975 2319 1055 2390 qnod
1075 2317 1124 2376 ille
1146 2317 1191 2374 rel
1217 2306 1363 2401 σύνοψιν

207 2403 416 2495 ἢίττιτομὴν
441 2414 501 2479 τοῦ
527 2410 673 2493 Τιμαίου
695 2408 836 2502 γράφειν
863 2406 923 2486 οὐκ
949 2407 1130 2500 ἀπηξίωσε,
1153 2432 1240 2491 quem
1263 2425 1370 2479 lamen.

208 2515 316 2580 linium
344 2515 526 2588 Simplicium
555 2518 604 2590 qui
632 2535 667 2577 ex
695 2535 730 2583 eo
757 2535 919 2596 numquam
947 2519 1056 2594 aliquid
1083 2517 1150 2576 citat
1171 2519 1363 2592 conlegisse

207 2615 369 2701 verisimile
393 2626 438 2678 ost
465 2633 506 2685 etl,
519 2619 604 2681 tituli
631 2619 797 2695 indicisque
818 2620 989 2680 auctoritate
1010 2636 1071 2679 non
1095 2619 1209 2679 radone
1231 2619 1364 2681 iudiean·

209 2723 277 2780 tem.
311 2721 416 2786 ,immo
450 2729 481 2779 nt
512 2722 584 2785 haec
616 2711 791 2797 ἀπηξίωσε
812 2721 985 2787 Aristoteles
1018 2722 1170 2795 multoque
1191 2720 1284 2794 magis
1313 2721 1364 2779 illa

210 2819 326 2911 quibus
341 2821 395 2884 sua
416 2822 512 2895 ipsius
538 2840 628 2899 opera
649 2824 680 2884 in
703 2824 910 2898 compendium
936 2821 1088 2895 redegisse
1112 2822 1230 2893 dieitur,
1261 2822 1365 2896 quales

209 2919 291 2987 fuere
312 2909 448 3002 iedoyei
471 2922 538 2987 τῶν
565 2916 743 3004 ἀνατομῶν
767 2925 814 3000 (h.
830 2927 863 2983 L.
880 2924 916 2983 cl.
933 2922 1069 2998 apollon.
1086 2924 1189 2991 mirah.
1205 2921 1262 2997 39)
1289 2938 1365 2997 quae

209 3017 274 3081 sine
290 3021 393 3086 ordina
416 3033 552 3098 excerpta
573 3027 667 3085 druse
688 3027 825 3084 videntur
846 3040 946 3088 earum
963 3041 1062 3086 rerum
1076 3026 1191 3099 quaein
1203 3023 1365 3083 anatomica

209 3119 336 3208 historia,
353 3133 516 3186 memoratu
539 3126 626 3200 digna
647 3135 750 3185 assent
771 3133 800 3184 et
822 3126 906 3200 quasi
933 3128 1077 3201 quaedam
1100 3126 1242 3186 mirahiha
1263 3132 1365 3189 aneto·

209 3210 294 3293 mich
318 3223 425 3288 deinde
447 3217 590 3312 ίττιτσμὴ
614 3227 680 3289 τῶν
700 3226 881 3311 ῥητορικῶν
902 3228 976 3302 (nisi
999 3217 1277 3311 fontenetensem}
1299 3223 1366 3286 τῶν
1483 3282 1487 3289 .

208 3313 356 3406 ῥητόρων
377 3338 423 3392 est
444 3329 509 3406 ipsa
530 3330 580 3392 illa
600 3327 721 3407 τεχνῶν
741 3324 912 3415 συναγωγή
936 3332 1013 3392 sicut
1034 3329 1226 3406 Theophrasti
1247 3320 1365 3400 ἐνταῖς

208 3423 276 3499 reip
301 3429 451 3509 φυσικῶν
478 3427 585 3507 δοξῶν
612 3426 789 3512 ἐπιτομαίς
820 3435 1021 3511 auctoritatem
1051 3432 1198 3493 ,adhihens
1225 3444 1364 3504 magnum

209 3529 282 3593 illud
304 3533 347 3607 ,dej⁴
362 3534 477 3609 placitis
502 3536 746 3610 philosophorum
773 3551 848 3609 opus
876 3537 1018 3612 spectavit
1044 3535 1173 3595 Galenus
1187 3533 1248 3605 xv,
1263 3531 1306 3592 26
1329 3533 1366 3597 de

210 3631 392 3715 Xenophane
417 3651 524 3710 agens,
558 3640 594 3703 da
622 3652 680 3711 quo
709 3638 814 3696 eodem
842 3639 948 3696 citatur
972 3639 1023 3695 Th.
1050 3629 1085 3698 ίν
1109 3635 1152 3718 τῇ
1177 3629 1323 3714 ἐπιτομῇ
1348 3650 1365 3691 a

211 3733 293 3807 ⁰1⁰8·
308 3736 341 3793 L·
354 3734 384 3804 9.,
396 3733 454 3810 21)
472 3755 559 3811 quam
571 3740 640 3799 citat
651 3739 816 3798 Demetrius
829 3740 923 3812 Magn.
939 3754 986 3811 ap.
1001 3738 1035 3795 h,
1050 3739 1082 3794 l.
1098 3737 1129 3806 2,
1145 3735 1218 3804 toa,
1240 3733 1364 3805 aliaque.

209 3835 275 3919 Fuit
295 3835 374 3896 enim
396 3838 453 3896 hoc
474 3842 552 3912 apud
575 3841 704 3901 Graecos
730 3840 962 3914 vulgatissimum
997 3847 1030 3897 nt
1050 3853 1104 3911 pro
1127 3839 1298 3905 excerptore
1319 3833 1365 3890 in-

209 3933 388 3994 scriberetur
418 3937 503 3996 cuius
534 3942 613 4014 quod
644 3943 680 4000 ad
711 3949 916 4016 argumentum
947 3954 1048 4001 revera
1075 3921 1149 4000 liher
1176 3940 1239 3992 erat
1263 3941 1366 3992 auctor

209 4039 375 4107 excerptus,
411 4037 491 4096 velut
522 4040 552 4097 in
584 4035 787 4120 θαυμασίων
819 4041 903 4101 libris
936 4057 973 4103 ex
998 4037 1146 4099 historicis
1178 4035 1289 4110 quihus
1313 4034 1366 4093 tri·

210 4133 341 4221 bullatus
362 4137 501 4198 collectis.
547 4142 588 4199 lta
610 4144 745 4217 exemplo
772 4159 852 4202 nunc
875 4156 994 4216 quoque
1020 4138 1176 4205 manifesto
1198 4137 1365 4196 Aristotelis

210 4247 319 4301 nomen
346 4237 471 4320 obtinuit
499 4242 529 4302 in
556 4243 724 4302 lithicorum
751 4245 927 4320 compendio
953 4243 1033 4317 qnod
1056 4240 1233 4311 ,inscribitur
1256 4227 1365 4323 ἠθικοὶ

207 4326 336 4418 uredine
373 4340 402 4403 itt
437 4341 632 4415 Oeconomico
670 4345 810 4420 aliisque.
832 4332 1051 4417 disciplinarum
1089 4342 1288 4419 compendiis,
1325 4341 1364 4400 ita
