3228 5228
819 413 889 474 106-

275 574 393 657 datore
414 580 582 644 duxerimu-
597 577 639 642 τὰ
662 579 800 664 ψευδῆ),
836 587 891 642 lios
919 586 1052 658 dialogos
1073 584 1339 658 interpretabamur
1361 603 1430 645 osse

275 686 440 744 exotericas
460 702 536 758 quos
559 685 729 743 Aristoteles
753 693 836 743 vocat
858 701 1012 746 sermones
1035 686 1133 758 itaque
1150 691 1329 749 excusabant
1343 705 1430 762 argu·-

274 795 372 844 mento
401 794 498 844 sumto
527 803 543 844 e
570 787 736 846 Platonicae
768 787 917 846 doctrinae
945 789 1037 847 l'orme
1064 789 1240 862 symbolica,
1274 791 1431 848 multarum

273 889 328 946 hac
349 888 524 962 ineptiarum
548 895 651 946 matre·
663 892 772 961 (neque
785 889 861 946 enim
878 889 996 947 aliunde
1012 890 1201 962 profecerunt
1216 891 1304 948 etlam
1317 891 1432 950 tabulae

272 990 346 1049 istae
369 991 591 1064 delhristotelis
619 991 695 1048 sient
721 991 900 1067 Pythagorae
929 990 1090 1063 discipules
1112 992 1286 1051 instituendi
1310 993 1431 1064 ratione,

273 1093 311 1150 de
333 1093 427 1164 ipsius
449 1093 578 1152 Platonis
607 1092 739 1150 doctrina
765 1099 889 1150 secreta
904 1091 934 1150 in
957 1092 1075 1164 seriptis
1104 1092 1187 1152 libris
1215 1111 1276 1154 non
1299 1095 1430 1168 exposita

272 1195 431 1271 aliaeque),
455 1193 700 1252 utacroamatica
723 1193 853 1252 dicerent
873 1192 943 1266 τοῖς
966 1183 1111 1273 ἑταίροις
1134 1194 1256 1268 scripta,
1285 1196 1431 1254 exoterica

273 1312 342 1354 vern
364 1294 435 1368 τοῖς
457 1291 597 1368 πολλοῖς
618 1295 732 1369 (Galen.
749 1291 880 1367 lV‚758t
905 1295 967 1354 sive
988 1294 1059 1368 τοῖς
1081 1285 1328 1380 ἀνεπιτηδείως
1343 1293 1431 1377 πρὸς

233 1442 243 1458 .
275 1389 483 1482 φιλοσοφίαν
516 1399 618 1473 (David
642 1398 672 1454 ln
696 1397 756 1456 Cat.
772 1397 837 1464 246
854 1395 895 1455 14
907 1397 1006 1474 σοις.)
1036 1387 1131 1472 ,ἀλλ’
1155 1390 1215 1465 οὐκ
1237 1391 1428 1460 inhiatione

275 1489 491 1583 φιλοσόφοο”
528 1499 629 1574 (David
649 1499 716 1557 241)
737 1495 791 1574 37)
831 1515 928 1572 neqne
961 1500 1032 1559 illud
1067 1515 1164 1575 neque
1197 1503 1261 1560 hoe.
1317 1501 1428 1576 Dialogi

175 1653 178 1658 .
272 1597 369 1661 autem
393 1602 433 1660 illi
456 1602 496 1660 ita
517 1600 641 1659 instituti
665 1607 760 1671 erant,
795 1608 828 1659 ut
849 1601 906 1674 ipsi
929 1610 1066 1661 auctores
1089 1601 1253 1686 praemisse
1276 1605 1428 1678 prooemio

271 1704 343 1778 (Cic.
368 1705 403 1762 ad
426 1702 528 1774 Atta,
546 1699 616 1779 16),
650 1703 730 1760 omni
752 1710 849 1760 tamen
873 1711 977 1762 ornatu
1000 1705 1159 1762 dramatico
1181 1707 1278 1778 *qualis
1300 1706 1429 1764 Platonis

272 1808 366 1864 luerat
387 1807 521 1878 neglecto
546 1802 646 1880 (hasil.
672 1805 755 1878 epist.
774 1801 835 1863 135
851 1821 879 1878 p.
893 1803 965 1865 327.
982 1807 1013 1865 Τ.
1028 1808 1062 1865 lll
1078 1807 1107 1863 P.
1122 1808 1145 1865 ll
1157 1808 1201 1864 ed.
1215 1806 1308 1864 Paris.
1321 1804 1429 1880 1639),

271 1924 346 1982 quae
369 1908 426 1982 ipsi
450 1907 590 1964 docentes
619 1907 711 1980 magis
739 1923 826 1979 qnam
854 1907 1038 1966 invenientes
1066 1908 1265 1980 disputassent
1288 1924 1323 1965 ea
1344 1909 1427 1968 deine

271 2027 341 2084 ceps
375 2010 431 2068 alio
454 2017 586 2079 tempore
614 2023 680 2066 cum
708 2007 798 2068 sociis
821 2010 1083 2068 communicarent:
1128 2009 1166 2066 ita
1188 2007 1352 2068 Aristotelis
1376 2009 1426 2082 qui

270 2113 438 2171 serebantur
472 2107 544 2185 (Cic.
568 2111 605 2167 ad
627 2111 682 2168 Aa.
701 2107 750 2181 13,
769 2108 818 2169 19.
847 2111 881 2170 el.
907 2103 989 2192 ἔφην
1011 2111 1039 2169 in
1064 2105 1097 2168 fr.
1121 2130 1157 2170 νο.
1182 2099 1304 2190 εὐγεν.)
1338 2127 1426 2184 quem

270 2215 371 2273 Cicero
393 2229 505 2271 merem
530 2211 659 2270 imitatus
683 2212 777 2286 estin
799 2215 818 2271 l.
843 2215 879 2274 de
901 2213 1009 2272 linibus
1033 2220 1061 2271 et
1083 2212 1114 2270 in
1136 2213 1300 2286 posteriore
1317 2214 1427 2272 Acade-

269 2315 412 2376 micorum
436 2321 464 2374 et
487 2315 628 2373 librorum
651 2317 686 2373 de
711 2315 868 2389 Republica
892 2315 1043 2386 editione),
1077 2314 1117 2371 ita
1140 2313 1204 2372 sine
1226 2313 1316 2376 dubio
1340 2315 1426 2372 etiam

266 2420 484 2494 Theophrastus
508 2415 600 2492 (velut
621 2417 651 2474 in
674 2415 852 2474 Callisthene
869 2422 949 2489 ecch,
984 2417 1024 2474 ita
1045 2415 1215 2474 Heraclides
1242 2413 1291 2489 qui
1321 2431 1424 2477 omnes

269 2537 340 2580 suos
368 2521 460 2578 libros
486 2517 636 2576 veteribus
663 2517 882 2575 laudatissimus
911 2517 955 2588 (h.
972 2519 1004 2574 L.
1022 2514 1051 2589 5,
1067 2515 1118 2576 86.
1135 2515 1189 2595 89)
1218 2517 1335 2592 scripsit
1363 2518 1444 2576 hta--

267 2626 335 2697 logo
358 2622 386 2680 in
410 2618 510 2679 multis
537 2627 633 2676 tumen
662 2618 749 2675 ctiam
772 2618 953 2677 Platonicum
980 2635 1092 2678 morem
1126 2627 1158 2678 nt
1184 2636 1244 2678 non
1267 2621 1425 2681 interesset

267 2726 331 2800 ipse
355 2731 474 2784 secutus
498 2720 546 2798 (el.
571 2719 628 2780 Cic.
653 2719 689 2777 ad
712 2719 768 2779 att.
785 2717 837 2794 19,
853 2718 881 2780 3.
906 2722 941 2779 ad
956 2721 1054 2789 Quint.
1071 2719 1101 2793 3,
1118 2715 1248 2792 5‚.sicnt
1269 2721 1334 2795 ipse
1350 2737 1423 2795 qno·
1486 2749 1487 2752 ¹

267 2843 325 2902 que
347 2827 413 2884 sine
436 2825 525 2883 dubio
549 2823 694 2881 interdum
717 2822 890 2884 Aristoteles
912 2825 993 2883 velut
1013 2823 1042 2882 in
1061 2825 1159 2898 Gryllo
1175 2823 1360 2900 Planciano),
1384 2823 1423 2886 ita

265 2928 410 3002 Epicurus
433 2925 519 3000 (Plnt.
543 2925 607 2982 adv.
632 2925 693 2985 Col.
711 2922 742 2992 6)
771 2925 800 2982 in
824 2927 909 2985 euius
925 2926 1083 3001 ,symposio
1111 2925 1238 2984 sicuttin
1262 2925 1422 2986 Heraclidis

266 3031 381 3102 dialogo
416 3019 494 3108 περὶ
526 3022 592 3084 τῶν
624 3015 658 3086 ἓν
693 3015 820 3108 οὐρανῷ
852 3025 900 3104 (cl.
927 3029 1041 3086 Bneckh
1065 3027 1164 3085 linsm.
1193 3035 1265 3101 syst.
1291 3029 1318 3084 d.
1341 3027 1422 3085 Plato

266 3129 426 3202 134-10)
449 3143 614 3202 anonymus
637 3127 755 3199 qnidam
770 3119 852 3203 (τίς)
882 3128 1033 3187 inducitur·
1054 3108 1183 3186 auctoris
1204 3128 1376 3201 praesentis
1392 3134 1422 3184 et

265 3231 441 3306 disputantis
475 3237 562 3288 tuens
596 3219 771 3286 sententiam
809 3226 858 3304 (cl.
885 3237 1036 3301 praeterea
1070 3230 1252 3304 dialogorum
1278 3231 1420 3289 titulose

265 3335 481 3408 discipulorum·
504 3330 641 3405 personis
665 3335 779 3386 sumtus
801 3336 834 3388 ut
856 3331 1039 3390 Metrodorus
1064 3333 1241 3390 Timocrates
1259 3340 1313 3389 etc.
1338 3329 1371 3394 h.
1386 3332 1418 3388 L.

265 3439 315 3511 to,
329 3435 372 3497 ‘27
385 3453 429 3510 sq.
453 3434 493 3492 ita
513 3434 679 3508 Polyaenus
701 3432 731 3490 in
755 3431 910 3507 Symposio
927 3432 962 3489 cl.
980 3433 1012 3504 b.
1029 3433 1061 3490 L.
1078 3432 1129 3505 10,
1145 3433 1214 3510 24).
1247 3431 1329 3501 Quos
1344 3433 1420 3495 inter

264 3543 396 3613 dialogos
419 3536 564 3596 referendi
587 3543 657 3594 sunt
679 3550 782 3595 omnes
805 3531 846 3590 illi
870 3533 942 3591 libri·
959 3535 1044 3592 ethici
1061 3537 1187 3595 maxime
1203 3534 1310 3611 (qualis
1324 3535 1418 3594 Thebe

230 3655 231 3658 ’
263 3640 392 3715 phrastei
420 3655 538 3712 quoque
568 3646 600 3696 ut
625 3629 703 3715 περὶ
728 3629 889 3709 πένθους,
913 3625 1129 3714 εὐδαιμονίας
1152 3639 1219 3712 otc.)
1250 3637 1418 3710 argumenti

264 3758 339 3817 quos
361 3737 450 3798 indeir
473 3738 611 3813 Diogenis
634 3738 746 3810 primos
769 3746 921 3798 enumerat
944 3739 986 3813 (id
1008 3740 1088 3812 qnod
1110 3746 1188 3797 recte
1204 3739 1328 3802 Brundis
1343 3755 1416 3813 quo-

263 3859 321 3918 que
343 3841 443 3914 posuit
464 3839 582 3898 Aristot.
600 3841 620 3911 Ι,
636 3837 678 3900 82
690 3856 735 3912 sq.
764 3846 893 3900 ceterum
917 3841 1058 3898 librorum
1082 3840 1191 3913 quihus
1214 3840 1418 3900 dividebantur

261 3943 378 4004 numeri
399 3943 471 4001 satis
493 3941 597 4000 incerti
620 3948 702 4011 sunt,
731 3941 856 4000 maxime
880 3941 930 4014 qui
954 3943 1031 4016 apud
1054 3941 1366 4018 Dschernaleddinum)
1388 3950 1417 4000 et

262 4046 381 4122 quidem
404 4044 621 4117 praeterlibros
644 4037 722 4122 περὶ
737 4034 945 4126 φιλοσοφίας
968 4053 997 4103 et
1008 4045 1100 4105 libros
1113 4045 1222 4118 quibus
1235 4043 1416 4118 dialogorum

262 4150 349 4208 index
380 4145 457 4218 apud
485 4144 567 4216 Diog.
597 4143 696 4202 linitur
721 4139 799 4226 περὶ
819 4135 979 4226 Ινοίγοιθοῦ
1006 4148 1142 4220 dogmata
1167 4146 1316 4204 Platonica
1341 4147 1416 4206 refe-

261 4255 360 4310 rentes
388 4250 424 4305 de
452 4247 560 4320 quibus
594 4261 681 4320 supra
714 4246 823 4306 dietum
850 4257 896 4308 est
929 4257 957 4306 et
979 4243 1177 4331 librosraepi
1199 4243 1348 4327 nathania
1367 4247 1414 4322 (cl.

259 4353 358 4410 Wenr.
377 4346 447 4408 143.
473 4349 607 4422 dialogus
622 4349 671 4434 ¹de
694 4351 789 4423 poetis
812 4336 869 4408 vita
893 4350 988 4410 Nunn.
1012 4369 1040 4426 p.
1063 4350 1116 4429 12)
1146 4353 1182 4410 de
1209 4366 1268 4423 quo
1292 4351 1362 4408 item
1385 4350 1414 4408 hl

261 4456 333 4511 fere:
367 4450 432 4510 libri
466 4443 543 4534 περὶ
576 4443 788 4531 δικαιοσύνης
820 4448 878 4526 (W.
895 4451 966 4511 142.
991 4453 1072 4512 Suid.
1098 4469 1121 4511 s.
1145 4440 1353 4532 Εὐρύβατος)
1384 4451 1413 4510 in
1479 4525 1481 4528 .
