2992 5032
784 303 849 373 tao

240 479 276 540 ab
303 479 461 552 interprete
488 479 611 546 Arabico
635 477 675 555 (6.
693 477 778 553 716).
825 479 866 536 ut.
896 479 980 539 etiam
1015 477 1204 550 repetitiones
1237 478 1402 569 6661666666

239 583 381 654 quasdam
416 582 495 639 velut
527 581 557 638 in
584 582 658 640 libro
687 581 787 653 spurio
814 576 1398 641 1661661161211611.66636639.
1462 579 1464 587 ’

140 682 141 685 ’
240 664 526 745 adamandam
554 700 582 756 p.
599 681 662 742 270
695 683 791 754 (cuius
819 691 914 741 lamen
942 681 1187 758 transpositiones
1215 682 1333 747 inutiles
1358 683 1398 739 cl.

240 802 267 857 p.
285 781 355 844 263.
373 782 444 844 268.
462 784 623 845 269272.
641 782 703 847 273
727 785 841 843 reiicias
865 783 984 861 omues>
1015 791 1043 841 et
1070 784 1187 844 Rhetor.
1211 780 1246 866 3,Υ
1257 781 1308 854 16,
1344 784 1399 842 ubi

240 886 346 958 longus
368 886 452 945 locus
476 887 526 960 qui
550 885 721 960 6666619
745 893 823 946 recte
846 887 959 958 legatur·
986 882 1033 959 (cl.
1058 886 1145 944 Bell.
1169 886 1206 943 ad
1223 883 1326 944 14166
1342 885 1398 944 29.

240 988 368 1060 Spengel
397 988 470 1044 iiber
498 989 544 1046 dia
570 990 709 1052 Rhetorik
737 991 789 1047 des
816 988 903 1045 Arist.
936 987 1040 1045 ilbhdl.
1070 988 1096 1045 6.
1125 987 1286 1045 llltlnoltner
1313 990 1398 1047 acad.

240 1089 272 1147 11.
289 1089 324 1146 Vl
347 1105 374 1160 6.
392 1086 467 1163 508)
501 1093 537 1150 61)
568 1092 623 1148 lroc
657 1092 721 1149 loon
755 1093 841 1165 plane
874 1089 988 1146 alienus
1010 1096 1065 1159 est,
1093 1089 1191 1161 inepta
1218 1090 1409 1172 negligentia

240 1191 338 1248 denuo
362 1191 498 1249 insertur:
524 1193 552 1253 id
574 1175 655 1266 quud
677 1193 735 1251 iam
758 1193 787 1250 in
811 1191 1023 1265 antiquissimis
1052 1190 1204 1250 codicibus
1227 1192 1400 1264 Byzantinis

239 1292 345 1349 l'actum
369 1308 436 1351 esse
460 1295 545 1355 docet
565 1295 661 1352 versio
684 1294 806 1371 Arabica
829 1295 931 1356 eadem
953 1294 1055 1366 legens
1077 1288 1126 1368 (61.
1143 1280 1242 1352 Averr.
1259 1296 1398 1366 parapor.

240 1393 323 1453 anet.
348 1395 365 1450 l'.
384 1392 606 1468 1521-1536,
641 1396 689 1469 qui
723 1404 821 1456 tamen
856 1403 884 1454 ct
912 1394 1145 1479 interpolationis
1179 1394 1279 1452 ultima
1307 1396 1401 1463 verba·

240 1492 334 1567 1368,
351 1495 465 1559 6-10,
483 1507 512 1557 61
533 1506 601 1573 6661
627 1498 882 1572 interpolationem
905 1498 991 1555 uerba
1013 1495 1121 1558 14161)
1138 1493 1264 1556 29ψ32
1287 1497 1398 1559 omisit.

239 1605 370 1657 ceterum
393 1617 467 1674 quae
491 1603 579 1660 verba
600 1598 777 1674 66611377,
795 1599 814 1660 7
838 1601 866 1658 in
891 1601 954 1658 cod.
974 1599 1014 1659 Α0
1034 1608 1062 1661 et
1074 1615 1164 1674 marg.
1178 1596 1398 1679 Ybbaddnntur,

240 1699 878 1777 66666161166116611666666611036).
931 1702 961 1760 Si
989 1704 1077 1776 igitur
1103 1702 1152 1759 ubi
1180 1701 1210 1758 in
1238 1701 1334 1761 madio
1361 1701 1399 1757 li-

240 1802 360 1863 brorum
382 1810 485 1864 tenere
508 1806 633 1862 citantur
655 1804 703 1861 alii
727 1803 802 1874 libri,
824 1804 966 1862 'certiores
990 1804 1018 1862 61
1041 1804 1098 1861 1661
1122 1811 1191 1861 6661
1214 1803 1398 1869 616616166-

240 1903 397 1977 polationis
430 1905 600 1978 suspicione
628 1906 751 1978 661666
780 1906 816 1962 66
845 1921 934 1964 66666
960 1906 1083 1964 tutiores
1111 1904 1180 1978 quia
1206 1907 1286 1966 nulla
1307 1921 1399 1966 causa

240 2012 361 2067 osteor
384 2021 443 2066 666
467 2007 491 2066 61
515 2006 649 2077 omniuo,
673 2006 738 2064 aliis
761 2009 908 2067 sexcentis
932 2008 1005 2066 locis
1028 2008 1101 2068 tales
1124 2013 1209 2069 notas
1233 2005 1400 2077 addiderint

170 2132 173 2144 2
240 2107 303 2168 sive
325 2109 449 2171 lectores
473 2110 535 2168 sive
557 2110 685 2168 editores
709 2110 837 2182 antiqui,
861 2126 916 2169 uec
941 2110 1028 2172 66166
1052 2109 1206 2176 cuiusdam
1228 2108 1343 2174 licentia
1360 2108 1398 2169 -16

239 2211 371 2275 omnium
417 2211 626 2286 exemplarium
663 2229 680 2270 a
716 2212 995 2275 commentatoribus
1037 2213 1179 2270 lectorum
1209 2225 1398 2280 consensum

224 2313 362 2376 ‘abiisset
394 2299 546 2385 maiorque
580 2314 699 2376 omniuo
735 2320 763 2374 et
791 2313 1063 2387 anitiquissimorum
1096 2321 1124 2379 61
1154 2311 1241 2368 medii
1275 2312 1336 2369 aevi
1365 2312 1397 2370 iu

239 2421 371 2474 veterum
394 2422 552 2477 auctorum
568 2414 649 2470 libris
673 2414 876 2475 describendis
899 2417 1002 2490 religio
1019 2423 1081 2477 erat
1096 2415 1145 2487 qui
1162 2428 1260 2480 errore
1276 2412 1396 2485 quidem

239 2519 276 2575 61
292 2513 477 2587 negligentia,
502 2529 560 2571 nnn
584 2513 702 2571 arbitrio
726 2524 890 2587 peccarent,
914 2534 972 2575 uon
997 2517 1209 2586 tameneadem
1225 2516 1397 2578 intotorum

240 2614 381 2678 librorum
406 2615 545 2680 clausulis
568 2623 614 2680 est
637 2617 780 2683 certitudo
811 2635 884 2692 6666
909 2637 1000 2693 quum
1024 2634 1082 2676 non
1106 2633 1209 2684 omnes
1231 2617 1397 2675 Aristotelis

240 2716 331 2782 libros
366 2733 469 2781 omues
503 2718 614 2783 librarii¹
647 2728 784 2791 nossent,
818 2738 871 2794 pro
905 2722 985 2781 vario
1013 2720 1157 2786 librorum
1182 2719 1396 2792 descriptorum

221 2835 362 2882 >numero
390 2828 418 2877 et
441 2821 490 2894 qui
513 2822 581 2880 inde
605 2823 784 2896 sequebatur
809 2824 913 2886 666166
939 2824 975 2885 ah
1001 2823 1060 2892 illis
1083 2829 1112 2880 et
1134 2821 1184 2884 ubi
1207 2820 1398 2893 dissentirent

238 2920 332 2986 omitti
355 2922 489 2993 potuisse
511 2931 590 2996 patet
612 2931 640 2983 et
662 2924 809 2983 interdum
832 2926 919 2986 etiam
939 2925 1019 2985 addi.
1057 2925 1228 2984 Aristoteles
1252 2923 1330 2982 euim
1346 2920 1396 2996 qui

238 3022 305 3089 11161
333 3022 477 3096 66166666
507 3025 595 3084 finem
622 3027 686 3100 ipse
714 3027 773 3084 lere
800 3028 909 3087 diserte
937 3028 1054 3101 signare
1082 3029 1158 3086 solet
1185 3027 1395 3097 6111666666,

238 3126 397 3187 61666666
420 3142 495 3198 6666
516 3129 666 3193 clausulae
689 3131 805 3194 fuerant
826 3130 915 3192 verba
937 3130 1096 3202 sequentis
1114 3128 1178 3186 libri
1202 3127 1395 3190 initioden-uo

237 3227 311 3290 ferat
322 3260 363 3289 -ε
375 3229 483 3286 etenim
505 3230 560 3288 etsi
584 3234 743 3291 concedam
765 3234 848 3290 lucos
860 3233 926 3290 illos
940 3228 1076 3305 (Metaplr.
1090 3228 1200 3299 ll-lll,
1212 3227 1395 3299 Etull'zvV,
1467 3235 1470 3238 ·

239 3331 398 3402 vlt-vlu,
415 3332 531 3408 lX÷—ll)
556 3334 595 3399 ita
617 3351 685 3396 csse
707 3340 890 3406 comparatos
914 3340 946 3389 ut
960 3331 1043 3388 facile
1056 3329 1257 3401 suspicionem
1271 3329 1395 3403 legentis

238 3442 387 3506 proveant,
417 3437 539 3499 eosdem
566 3445 662 3502 tamen
689 3434 849 3507 antiquitus
872 3431 912 3489 ita
931 3433 1025 3490 lectos
1049 3447 1116 3495 esse
1139 3440 1168 3490 et
1190 3447 1225 3493 aa
1247 3429 1394 3497 Eustratiu

237 3537 463 3612 Alexandruque
486 3537 587 3614 (elin
610 3533 764 3606 11161425,
781 3532 924 3611 11366.)
948 3541 977 3601 61
999 3551 1034 3592 ex
1058 3534 1181 3594 Arabico
1204 3535 1270 3593 Met.
1288 3533 1392 3591 6116111.

238 3646 319 3698 textu
341 3639 538 3715 antemnisque
564 3638 767 3711 explanatione
789 3636 969 3710 intelligitur,
994 3653 1049 3698 uec
1071 3654 1124 3703 our
1138 3639 1167 3697 in
1184 3638 1282 3705 medio
1295 3634 1393 3708 666616

236 3757 275 3804 ex
303 3758 361 3816 quo
395 3730 524 3815 separari
558 3754 617 3801 noa
650 3745 811 3810 potuerunt
843 3745 945 3816 tenore
979 3741 1156 3803 adderentur
1186 3739 1259 3799 satis
1287 3751 1393 3794 causae

237 3843 331 3903 luisse
353 3845 476 3911 videtur,
499 3839 671 3912 praesertim
696 3841 886 3912 quum-idern
912 3857 984 3900 usus
1011 3844 1109 3916 paullo
1132 3837 1394 3914 negligentiorem

237 3946 321 4005 tiaris
344 3945 431 4002 etiam
458 3941 513 3999 loci
542 3943 675 4016 exemplo
705 3941 735 4016 (l.
761 3958 802 4006 sc.
826 3945 862 4001 de
885 3943 963 4016 long.
986 3951 1016 4003 61
1037 3945 1117 4003 arev.
1140 3942 1189 4009 uit.
1213 3940 1344 4005 clausula
1368 3937 1393 3995 si

235 4059 389 4118 comparas
413 4042 564 4114 sequentis
588 4045 625 4101 de
647 4045 706 4103 vita
728 4053 757 4105 61
778 4052 872 4111 tuorte
894 4045 1022 4120 initium)
1047 4043 1236 4111 confirmetur
1252 4072 1292 4082 υ-
1315 4042 1393 4122 idem

153 4213 158 4223 ¹
238 4159 335 4211 tamen
358 4143 530 4201 Aristotcles
559 4160 647 4218 saepe
677 4150 734 4213 666
761 4149 856 4214 lacem
884 4147 983 4222 omisit
1009 4155 1037 4205 ct
1059 4147 1089 4204 in
1113 4145 1245 4218 singulis
1260 4144 1342 4203 libris
1366 4151 1394 4202 et

237 4250 268 4309 16
295 4243 451 4304 universae
478 4244 650 4318 disciplinae
684 4249 742 4308 1166
769 4250 865 4324 116666
898 4249 970 4323 16616
994 4249 1044 4306 616
1078 4248 1239 4306 clausulam
1267 4246 1393 4323 aliquam

233 4365 333 4426 66661.
359 4348 486 4420 manime
513 4352 730 4424 exspectaveris
756 4352 893 4424 6616116
919 4353 1006 4428 Phys.
1036 4359 1152 4426 octauo,
1187 4351 1217 4411 in
1243 4350 1329 4421 tertio
1356 4349 1393 4416 de
