2992 5032
657 318 719 390 tat

113 511 214 556 revera
241 496 277 555 ab
305 497 444 557 omnibus
473 498 662 568 concedatur,
698 501 734 557 de
757 499 881 573 singulis
904 508 980 573 quae
1001 513 1088 556 verae
1111 496 1172 557 sint
1191 514 1269 572 quae

114 599 230 671 spuriae
253 601 317 658 solo
340 600 460 659 arbitrio
482 601 638 673 iudicante,
663 600 758 658 omnis
780 601 893 660 illarum
918 600 1065 659 evanescit
1087 599 1161 659 tides
1182 616 1269 659 usus·

113 715 171 772 que
193 701 370 773 praeciditur
397 702 547 774 totiusque
574 702 663 761 simul
685 701 866 775 quaestionis
893 703 1267 763 unicumiundamentum.

112 801 148 859 at
170 803 291 861 omnino
313 805 387 863 tales
410 806 491 862 locos
514 803 738 877 interpolatione
768 803 830 860 sive
858 802 952 876 ipsius
975 802 1139 862 Aristotelis
1166 813 1270 877 postea
1359 864 1360 871 ,

112 904 270 977 relegentis
300 906 362 964 sive
384 906 501 965 lectoris
529 906 681 965 cuiusdam
708 906 838 964 adiectos
861 918 953 972 esse,
972 912 1092 977 propter
1119 904 1216 978 ipsum
1239 907 1269 965 in

112 1005 385 1067 illiseitationibus
415 1009 591 1067 adhibendis
624 1009 710 1082 quale
737 1007 798 1064 lere
830 1013 876 1063 est
900 1003 996 1077 ipsius
1019 1005 1170 1079 scriptoris
1193 1006 1270 1063 arbi-

112 1106 200 1167 trium
224 1110 302 1167 omni
329 1117 407 1167 certa
434 1110 547 1168 ratione
575 1111 809 1169 destitutum-
831 1108 919 1166 modo
948 1107 1026 1165 enim
1048 1107 1121 1165 loeis
1143 1107 1269 1166 maxime

112 1210 285 1283 opportunis
308 1211 443 1284 aptisque
466 1211 539 1269 alios
563 1211 654 1271 libros
678 1213 767 1269 citare
790 1209 919 1283 negligit,
943 1210 1031 1268 modo
1055 1208 1123 1267 citat
1138 1208 1202 1266 aliis
1219 1209 1268 1266 ubi
1331 1265 1333 1269 .

112 1314 204 1369 multo
238 1313 336 1370 minus
371 1312 587 1385 exspectaveris
616 1329 734 1370 -nec
767 1326 828 1369 non
860 1319 980 1386 propter
1014 1311 1224 1386 exemplarium
1253 1328 1270 1369 a

111 1413 213 1487 primis
236 1414 446 1488 interpretibus
470 1423 498 1474 et
519 1416 555 1473 ab
579 1414 743 1473 Alexandro
764 1412 935 1471 collatorum
950 1414 1180 1487 versionumque
1196 1415 1268 1473 adeo

112 1514 300 1573 Arabicarum
333 1532 514 1593 eonsensum
547 1517 667 1574 minime
702 1522 747 1573 est
776 1515 943 1573 verisimile
991 1517 1165 1590 Ubicunque
1191 1517 1269 1574 euim

110 1614 363 1677 Aristotelicorum
387 1618 527 1676 librorum
550 1626 648 1678 textus
671 1617 769 1674 verbis
785 1617 961 1690 quibusdam
978 1618 1082 1676 alienis
1100 1617 1269 1692 glossisque

112 1720 302 1792 interpolatus
334 1727 392 1792 est,
426 1719 465 1778 ibi
494 1735 529 1777 ex
557 1719 620 1793 ipsa
648 1719 783 1778 codicum
810 1719 974 1777 differentia
1000 1726 1029 1777 et
1055 1719 1184 1793 antiquis
1212 1715 1283 1776 iam-

111 1822 269 1880 lectoribus
302 1822 439 1880 omnibus
468 1821 736 1896 interpretibusque
764 1822 859 1880 varias
882 1822 1024 1880 lectiones
1046 1821 1216 1879 notantibus
1239 1821 1269 1880 id

113 1923 298 1982 manifestum
321 1924 376 1980 luit
398 1931 427 1981 ot
448 1939 528 1981 nunc
551 1939 670 1997 quoque
698 1925 751 1981 bac
774 1939 833 1980 una
855 1930 933 1982 certa
956 1924 1002 1981 via
1024 1924 1160 1996 iustaque
1183 1923 1269 1981 intel-

110 2026 217 2098 ligitur.
268 2024 358 2082 Cuius
392 2025 434 2082 rei
468 2026 602 2098 exemplo
636 2025 695 2082 siut
722 2026 914 2100 Physieorum
942 2025 1059 2098 glossae
1092 2025 1141 2104 (cl.
1171 2028 1270 2086 Prantl

111 2127 267 2200 symbolae
290 2127 352 2184 crit.
377 2127 406 2183 in
429 2127 476 2182 Ar.
500 2126 588 2199 Pbys
613 2126 708 2182 Berol.
733 2125 817 2186 1843
840 2144 867 2200 p.
885 2124 1040 2203 58-64),
1076 2129 1154 2184 velut
1181 2128 1269 2186 verba

110 2225 183 2298 231,
200 2224 305 2287 5-17
332 2235 401 2301 post
422 2228 516 2301 ipsam
540 2226 701 2284 clausulam
724 2228 836 2286 adiecta
860 2237 888 2286 et
910 2242 985 2301 quae
1007 2227 1090 2300 prius
1114 2229 1171 2285 iam
1194 2228 1269 2287 dicta

110 2336 180 2389 sunt
203 2328 251 2407 (cf.
269 2327 356 2390 2301>
373 2327 414 2388 14
428 2327 505 2404 sqq.)
529 2329 693 2403 repetentia
714 2346 730 2387 a
746 2329 878 2387 Bellero
890 2335 1006 2399 tamen,
1031 2339 1208 2403 quamquam
1220 2348 1268 2391 res

111 2433 149 2490 sit
171 2431 326 2490 manifesta
354 2428 401 2508 (ot.
426 2432 506 2489 Alex.
532 2437 560 2488 et
583 2430 684 2506 Simpl.
709 2432 776 2490 Scb.
800 2431 887 2489 adli.
913 2430 1088 2503 140120.
1113 2432 1214 2506 Simpl.
1239 2434 1269 2492 in

110 2533 200 2607 Pbys..
222 2534 240 2591 f.
261 2533 359 2592 21411.
384 2533 419 2591 cl.
443 2534 523 2591 Alex.
548 2549 593 2605 ap.
611 2532 710 2591 Averr.
735 2534 764 2595 in
780 2535 867 2608 Phys.
885 2529 994 2610 arag),
1018 2548 1078 2592 non
1102 2534 1268 2607 1111121611

110 2633 237 2697 17--20
260 2634 324 2713 (ubi
348 2635 517 2709 Simplicius
540 2635 603 2707 ipse
626 2636 756 2708 glossam
771 2639 881 2696 indicat
893 2636 910 2692 1.
924 2634 1011 2696 1601)
1024 2643 1181 2708 utrumque
1196 2637 1269 2696 illud

110 2739 293 2814 enuntiatum
316 2739 362 2797 eui
386 2753 477 2811 quum
499 2744 596 2794 tamen
620 2739 748 2810 primum
777 2739 872 2796 solum
901 2737 1026 2810 explicet
1052 2737 1157 2794 eodem
1180 2736 1269 2795 verbo
1287 2728 1293 2739 ”

109 2830 160 2900 ἔτι
182 2840 327 2913 iucipiens
350 2838 525 2914 interposita
547 2854 619 2897 voce
641 2827 752 2912 ἄλλως
773 2856 826 2914 pro
849 2846 931 2897 textu
954 2854 1106 2912 apponens
1130 2838 1164 2896 ci.
1183 2839 1267 2897 codd.

111 2943 143 3000 G.
168 2939 216 3019 ll.)
251 2949 280 3000 et
302 2938 389 2998 21711
407 2937 531 2997 12-16
567 2937 629 3018 (ubi
656 2942 685 3001 in
709 2943 842 3015 margine
864 2942 929 3000 cod.
955 2941 988 2999 G.
1012 2942 1128 3000 additur
1160 2931 1269 3016 „oide-

109 3031 270 3104 1οὖνται”
306 3045 341 3102 cl.
365 3043 454 3101 Bckk.
479 3048 538 3100 not.
564 3041 864 3119 etSimpl.f.163a
898 3033 979 3125 αὕτη
1006 3033 1027 3126 ἡ
1057 3041 1152 3127 ῥῆσις
1179 3041 1272 3107 δοκεῖ

109 3138 151 3207 τὰ
173 3136 338 3229 πρότερον
360 3135 515 3229 εἰρημένα
541 3135 646 3208 πάλιν
669 3141 776 3230 λέγειν
791 3179 834 3190 -—-
856 3141 912 3208 6ιό
935 3141 992 3209 καὶ
1014 3138 1048 3208 ἔν
1069 3163 1158 3208 τισιν
1180 3136 1269 3210 ἅντι-

109 3238 253 3331 γράφοις
275 3238 315 3310 οὗ
338 3241 477 3332 φέρεται
493 3257 547 3307 etc.
571 3258 729 3325 utrumque
752 3261 849 3310 tamen
872 3253 971 3310 locum
994 3251 1084 3308 refert
1106 3265 1180 3308 vers.
1198 3253 1269 3308 Ara·
1297 3322 1299 3324 Ι

109 3354 174 3412 bica
197 3354 231 3410 cf.
255 3353 457 3427 AvernPbys.
475 3349 690 3432 1671117211)
714 3354 799 3412 uncis
822 3353 944 3411 inclusa.
964 3351 1155 3409 Rarissimae
1171 3342 1269 3409 umen

111 3461 180 3512 sunt
212 3455 452 3527 interpolationes
487 3455 644 3512 verborum
677 3454 887 3526 interpretibus
916 3451 1034 3509 Graccis
1062 3442 1268 3526 recentiorum,

111 3555 207 3628 qualis
230 3561 276 3635 est
298 3556 421 3628 Metapb.
440 3555 468 3626 1,
486 3552 514 3614 5.
532 3552 605 3628 986,
622 3553 662 3613 29
692 3554 741 3611 ubi
765 3555 960 3613 intertextus
983 3553 1084 3612 verba:
1123 3547 1179 3615 uoti
1207 3548 1269 3639 γὰρ

105 3646 294 3733 Ἀλκμαίων
331 3644 529 3738 ἀπεφήνατο
565 3645 812 3738 παραπλησίως
847 3645 981 3730 τούτοις
1016 3655 1134 3736 irrepsit
1169 3659 1269 3731 glossa

110 3759 280 3834 marginalis
308 3748 437 3840 ἐγένετο
461 3752 499 3820 δὲ
519 3753 579 3840 τήν
600 3749 734 3842 ἡλικίαν
755 3752 813 3820 ἐπὶ
835 3750 965 3841 γέροντι
986 3750 1179 3845 Πυθαγόρᾳ
1202 3757 1269 3840 (nec

110 3873 207 3922 tamen
235 3863 320 3935 plura
347 3862 424 3921 sicut
451 3862 544 3920 voluit
566 3863 698 3936 Gruppe,
733 3869 844 3920 temere
872 3864 990 3936 quidem
1013 3864 1061 3921 bie
1083 3872 1115 3922 ut
1137 3862 1223 3941 solet)
1252 3882 1269 3922 a

111 3966 193 4025 nullo
226 3980 364 4039 umquam
397 3966 561 4038 interprete
588 3980 643 4023 nec
676 3965 817 4038 explicata
843 3981 898 4024 nec
926 3967 950 4024 si
979 3966 1078 4024 deerat
1104 3967 1275 4039 explicandi·

112 4068 233 4126 materia
255 4083 309 4141 pro
333 4082 413 4127 more
437 4069 524 4127 solito
547 4066 684 4142 repetita:
709 4083 783 4140 quae
806 4069 894 4126 verba
916 4068 945 4125 in
970 4069 1033 4126 solo
1057 4070 1121 4126 cod.
1138 4069 1269 4125 Lauren-

112 4170 191 4228 tiano
215 4166 288 4242 (Ab)
312 4184 369 4227 uon
394 4170 538 4244 leguntur.
583 4171 653 4228 ltem
670 4169 794 4243 Metaplr.
811 4167 840 4242 3,
857 4169 886 4228 2.
904 4167 1032 4243 1005,1
1056 4169 1122 4226 libri
1138 4169 1174 4250 de
1188 4168 1267 4224 bono

113 4269 199 4329 unica
234 4286 309 4342 quae
343 4274 420 4344 apud
443 4273 530 4331 brist.
560 4271 704 4347 reperitur
731 4273 761 4330 in
784 4273 847 4331 cod.
872 4273 1009 4331 Vaticano
1033 4269 1079 4349 (Τ)
1108 4268 1204 4326 citatio
1232 4284 1268 4326 ex

91 4364 92 4367 '
113 4357 331 4433 commentariis
355 4375 473 4434 demum
496 4372 544 4454 (el.
568 4374 649 4434 illex.
673 4377 710 4434 ad
725 4377 754 4433 b.
770 4373 803 4456 1.)
829 4384 960 4435 assumta
990 4381 1036 4435 est
1062 4379 1091 4432 et
1117 4371 1267 4446 ignoratur
