3196 5232
714 438 777 507 205

167 625 256 684 ‘lium
281 611 401 672 Bactrus
425 611 463 670 sit
485 611 567 670 Oxus
590 612 642 684 (cl.
667 611 779 670 Arrian.
796 609 826 683 7,
843 610 898 672 te:
921 605 956 674 ἐκ
978 599 1137 694 Βάκτρων
1157 605 1219 688 μὲν
1228 598 1324 686 Ὠξος

165 703 347 792 ποταμός),
383 707 546 788 appellatus
574 713 693 772 nomine
720 713 799 775 illius
823 713 911 786 (Plin.
929 712 958 786 6,
975 711 1024 774 18.
1048 713 1126 774 Curt
1144 712 1173 787 7,
1189 717 1225 788 4)
1248 716 1324 776 inter

165 816 271 877 fluvios
294 833 329 874 ex
353 818 462 890 quihus
485 817 611 892 primum
636 817 767 876 nascitur
788 823 971 889 augeturque
983 815 1074 887 Oxus,
1098 817 1148 890 qui
1164 824 1193 876 et
1204 825 1324 891 proptor

165 919 248 977 urhis
271 920 376 980 lamam
405 921 490 978 cuius
518 920 635 978 moenia
660 917 808 991 praeteriit
835 917 1027 992 dignissimus
1055 926 1135 978 esset
1162 927 1191 976 et
1212 935 1324 978 merca·

165 1021 279 1080 torihus
302 1037 357 1096 per
379 1023 474 1082 Oxum
497 1023 528 1080 in
552 1021 690 1096 Caspium
713 1035 793 1078 mare
816 1019 1021 1092 navigantibus
1038 1020 1088 1092 (ei.
1102 1021 1206 1080 Strabo
1219 1021 1248 1093 2,
1261 1020 1323 1083 427

165 1139 224 1182 666.
249 1125 410 1184 Patroclem
434 1133 462 1184 et
484 1124 556 1184 Plin.
574 1122 603 1196 6,
621 1121 676 1198 19)
700 1122 876 1183 utilissimus
899 1122 939 1180 ita
960 1130 993 1181 ut
1015 1130 1116 1196 posteo
1137 1122 1223 1180 etiem
1247 1123 1324 1196 apud

163 1227 276 1286 Arabes
309 1244 369 1286 nun
402 1242 469 1286 raro
503 1241 612 1284 nonna
645 1227 773 1284 traheret
801 1225 882 1284 Oxus
915 1225 951 1286 ah
978 1225 1051 1284 urhe
1074 1223 1165 1301 Ballxlr
1192 1223 1325 1297 (iouhert

164 1329 256 1388 Nouv.
279 1329 379 1388 leura.
403 1329 493 1389 Asiat.
517 1336 536 1386 t.
555 1327 605 1386 llll
624 1345 652 1402 p.
668 1324 757 1400 495).
804 1319 922 1386 Accedit
949 1328 1030 1401 quod
1059 1328 1128 1414 licet
1155 1342 1231 1402 quae
1264 1327 1325 1400 pri·

165 1447 245 1490 mum
273 1429 430 1493 Alexandri
459 1429 567 1490 milites
596 1431 770 1490 nuntiabant
797 1429 1003 1504 distinguenda
1034 1430 1093 1490 sint
1121 1430 1158 1488 ah
1185 1429 1221 1488 iis
1249 1446 1324 1504 quae

164 1549 256 1607 quum
283 1549 383 1592 rerum
410 1531 560 1606 gestarum
587 1533 815 1594 commentarios
844 1532 964 1592 ederent
991 1533 1182 1607 Theophrasti
1206 1534 1324 1594 demum

164 1643 256 1697 aetate
278 1637 370 1695 lectos
394 1636 445 1708 (ei.
467 1637 518 1696 Th.
543 1639 571 1696 h.
596 1638 634 1709 pl.
651 1637 681 1709 4,
699 1634 729 1708 7,
745 1633 773 1696 3.
790 1636 823 1708 4,
839 1636 868 1694 4.
885 1633 913 1695 9.
938 1651 962 1694 6.
986 1637 1025 1709 pl.
1035 1635 1072 1722 2,
1089 1633 1118 1709 5,
1135 1633 1237 1710 dcte.)
1252 1651 1325 1699 ceu-

164 1739 275 1799 ieetura
297 1746 403 1811 postea
423 1739 571 1798 doctiores
594 1741 749 1811 adderent,
769 1739 913 1797 iaxartem
935 1747 1032 1800 tamen
1056 1741 1134 1812 quod
1159 1754 1267 1798 nomen
1287 1741 1324 1800 ah

164 1841 271 1902 accolis
309 1841 395 1915 primi
433 1849 607 1916 acceperant
640 1843 815 1916 Macedones
851 1840 1024 1913 (Aristobul.
1049 1855 1094 1912 ap.
1118 1842 1181 1900 Arr.
1204 1839 1233 1916 3,
1255 1839 1322 1916 30),

164 1959 262 2012 eccere
296 1944 353 2003 iam
394 1951 512 2017 recepto
551 1959 611 2004 non
646 1942 812 2004 adulatione
847 1943 933 2002 euius
960 1942 1207 2004 inconsideratius
1236 1960 1325 2020 saepe

163 2046 320 2107 Alexandri
348 2045 471 2104 comites
500 2047 604 2110 Strabo
631 2046 727 2120 arguit
755 2045 800 2120 (2,
816 2043 888 2106 427.
906 2044 969 2104 424
986 2045 1057 2117 eto.)
1084 2062 1137 2120 pro
1164 2047 1252 2108 Tanai
1274 2051 1325 2108 he-

163 2147 266 2206 huisse
294 2161 345 2204 eos
373 2147 482 2208 indicio
510 2148 582 2208 illud
618 2158 663 2210 est
697 2151 776 2224 quod
808 2149 885 2210 idem
913 2149 971 2206 iam
998 2147 1071 2208 dixit
1091 2149 1265 2209 Aristoteles
1288 2151 1325 2210 de

163 2250 261 2328 Araxe¹
285 2249 315 2306 in
338 2249 511 2310 Maeotidem
541 2254 636 2312 delato
664 2267 717 2326 per
746 2251 864 2310 Tanaim
892 2247 980 2324 (350,
996 2250 1037 2310 24
1061 2251 1097 2310 ci.
1121 2253 1245 2311 eandem
1268 2252 1325 2310 lle-

163 2351 256 2410 cataei
279 2351 449 2426 opinionem
473 2355 554 2428 apud
575 2353 735 2429 Scymnum
758 2371 784 2412 v.
801 2351 864 2414 See
888 2355 933 2412 ed.
959 2353 1116 2425 lleineke),
1140 2353 1180 2414 ita
1204 2362 1236 2414 ut
1257 2355 1326 2417 licet

162 2454 202 2512 ah
223 2469 333 2512 oceano
357 2463 523 2528 separatum
547 2455 685 2529 Caspium
713 2457 785 2517 illud
811 2471 891 2514 mare
918 2455 979 2514 sive
1002 2455 1179 2530 Hyrcanium
1211 2448 1326 2540 λίμνην

164 2569 232 2616 esse
267 2557 356 2616 sciret
388 2575 448 2618 non
482 2549 670 2622 &didonem
696 2561 831 2632 (lleteor.
853 2557 882 2632 1,
899 2555 949 2618 13.
967 2555 1039 2631 351,
1056 2555 1085 2618 8.
1107 2557 1137 2631 2,
1155 2558 1183 2617 1.
1200 2556 1272 2633 354,
1289 2557 1324 2634 3)
1398 2613 1402 2621 .

165 2673 233 2716 cum
256 2659 399 2720 Maeotide
421 2670 519 2722 tamen
545 2662 732 2722 coniunctum
755 2669 879 2735 putaret.
925 2663 1026 2735 Neque
1041 2661 1242 2722 Aristobulum
1259 2664 1326 2722 Pto·

165 2762 310 2822 lemaeum
334 2771 507 2838 ceterosque
535 2764 614 2838 regis
642 2764 765 2824 comites
788 2765 824 2823 de
848 2763 954 2837 Caspio
978 2765 1081 2824 oceani
1106 2765 1234 2824 borealis
1257 2766 1326 2826 sinu

166 2863 311 2937 cogitasse
335 2866 418 2938 (nam
441 2884 516 2941 quae
540 2871 577 2928 de
600 2865 761 2926 Heraclidis
783 2866 813 2924 in
838 2866 944 2939 Caspio
966 2867 1039 2924 mari
1059 2867 1326 2940 navigationecou-

166 2965 292 3040 sitioque
321 2965 477 3028 Alexandri
511 2971 654 3029 mittentis
687 2968 813 3042 explicat
839 2968 951 3028 Arriae.
974 2967 1072 3043 7,16,
1106 2986 1140 3028 ea
1168 2986 1203 3028 ex
1229 2970 1325 3044 ipsius

167 3068 315 3141 opinione,
345 3072 382 3128 ci.
404 3066 433 3143 5,
455 3067 485 3130 5.
505 3070 556 3143 26,
592 3074 628 3134 66
656 3071 861 3131 Alexandrinis
896 3082 1014 3150 accepta
1046 3073 1176 3148 loquitur
1208 3073 1326 3148 illisque

166 3171 307 3246 supponit
322 3171 403 3246 licta)
427 3190 463 3232 ex
486 3191 522 3234 eo
545 3175 679 3250 sequitur
701 3175 781 3250 qarod
804 3175 890 3234 etiam
913 3177 1011 3250 paullo
1034 3185 1137 3250 postea
1159 3177 1326 3254 Polycletus

166 3289 246 3332 mare
269 3276 326 3334 hoc
350 3267 465 3360 λίμνην
485 3294 553 3338 esse
576 3279 727 3340 contendit
754 3278 848 3340 duleis
871 3295 964 3354 aquae
984 3279 1024 3338 ita
1046 3287 1144 3339 tamen
1167 3288 1199 3339 ut
1220 3281 1326 3340 Tanais

164 3391 247 3435 raino
281 3379 409 3450 quodam
443 3381 473 3438 in
502 3381 675 3441 Maeotidem
708 3389 824 3441 meante
859 3398 926 3441 eum
949 3381 1041 3441 Ponto
1075 3381 1265 3440 coniunctum
1288 3382 1327 3440 sit

155 3479 286 3551 asciano
302 3480 331 3553 2,
347 3479 411 3542 427
428 3500 472 3557 sq.
496 3483 532 3542 ol.
556 3485 656 3559 Polyb.
679 3486 699 3544 l.
723 3501 747 3543 c.
771 3485 951 3558 Polycletum
973 3483 1099 3540 refutare
1123 3483 1235 3542 studuit
1257 3484 1326 3542 lira·

165 3583 319 3642 tosthenes
341 3585 437 3646 Strnh.
452 3587 471 3644 l.
489 3588 544 3659 c.):
569 3601 656 3660 quam
680 3587 811 3644 omnium
833 3586 1025 3644 Macedonum
1048 3585 1218 3658 opinionem
1233 3585 1327 3646 luisse

166 3682 269 3744 Strnho
308 3687 414 3748 asserit
458 3687 494 3744 ah
534 3703 569 3746 eo
604 3703 723 3762 quoque
760 3689 911 3762 probatam
950 3688 1000 3762 qui
1034 3689 1064 3746 in
1098 3689 1231 3762 epistolis
1270 3691 1326 3756 suh

165 3786 323 3850 Alexandri
346 3790 425 3864 regis
436 3789 556 3848 nomine
569 3791 655 3850 editis
679 3793 769 3864 (quas
781 3790 900 3864 saepius
913 3791 981 3851 citat
991 3791 1151 3850 Plinius-cl.
1166 3790 1195 3866 6,
1207 3791 1326 3866 21616.)
1444 3799 1448 3809 ¹

166 3889 303 3950 haustum
327 3891 425 3966 Caspii
453 3892 542 3950 maris
570 3891 781 3952 dulcem-esse
803 3891 1173 3969 palchritudinem).
1220 3895 1327 3956 Contra

165 3993 259 4054 sensit
281 3994 430 4054 Patrocles
454 3993 569 4054 Seleuci
593 4003 622 4054 et
643 3995 777 4054 Antiochi
811 4012 914 4072 regum
949 3997 1052 4056 classis
1074 3999 1242 4071 preelectus
1263 3999 1326 4058 lieri

165 4109 257 4167 posse
284 4106 441 4160 autumans
474 4105 507 4156 ut
537 4111 573 4155 ex
600 4098 699 4156 lndico
732 4101 804 4158 mari
831 4100 860 4157 in
896 4099 1035 4174 Caspium
1064 4102 1197 4161 eiusdem
1224 4101 1326 4160 occani

10 4187 11 4244 Ῑ
86 4265 90 4272 ,
166 4209 279 4269 nartem
303 4201 488 4260 circumvecti
511 4201 682 4275 perveniant
705 4201 826 4272 (Strabo
843 4201 1006 4275 allel,
1023 4201 1111 4278 118),
1135 4219 1222 4280 quam
1246 4190 1326 4260 nori-

168 4305 317 4376 gationem
349 4305 386 4363 ah
420 4320 455 4362 co
488 4319 591 4364 revera
628 4304 790 4364 institutam
823 4321 890 4364 esse
928 4304 1025 4380 inepte
1061 4305 1182 4379 scripsit
1215 4304 1328 4366 Plinius
1389 4355 1391 4360 .

168 4405 214 4480 (6,
230 4405 297 4484 et).
344 4405 479 4468 Ceterum
506 4423 543 4466 ex
569 4407 616 4466 his
643 4407 781 4466 omnihus
810 4415 963 4468 auctorum
989 4416 1121 4470 veterum
1149 4407 1326 4468 testimoniis

166 4511 239 4572 illud
266 4510 399 4585 sequitur
425 4509 646 4591 parissimam,
681 4511 808 4572 eundem
838 4513 925 4588 plane
952 4511 1003 4574 ille
1029 4519 1122 4584 aetate
1149 4513 1242 4576 luisse
1271 4518 1328 4580 Oxi
1400 4571 1403 4576 ,
