2954 5034
788 358 807 422 o

224 527 403 607 externaque
425 514 615 592 similitudine
638 532 776 590 commoti
793 531 972 597 niterentur,
996 525 1075 598 quod
1097 531 1129 582 nt
1145 523 1256 582 Galerio
1272 512 1378 578 accidit

224 637 320 708 iisque
348 650 423 709 quos
449 635 498 692 ille
517 635 660 708 'sequitur
687 634 726 690 ita
753 647 831 689 nunc
862 636 986 702 quoqne
1008 627 1044 683 de
1071 625 1176 682 eodem
1202 620 1379 695 Hippocrate

222 738 350 796 Littraco
374 729 533 809 disputanti
556 734 606 808 qui
629 733 816 806 Leophanem
839 738 868 789 et
889 728 1032 802 Polyhum
1055 727 1091 784 ah
1104 724 1260 783 Aristotele
1275 723 1380 780 citatos

222 830 351 910 ¹duorum
374 844 407 895 ut
428 837 586 894 multorum
608 833 749 906 temporis
772 832 912 890 Platonici
931 819 1127 903 physicorum
1154 824 1240 882 velut
1257 821 1380 882 Glidomi

183 940 185 944 ’
226 939 350 997 aliorum
373 936 588 996 ah‘Aristotele
614 936 675 993 lere
698 935 762 991 solo
785 940 815 990 et
836 933 1037 1004 Theophrasto
1060 933 1289 984 memoratorum
1311 938 1382 981 mox

226 1033 263 1096 ct·
277 1039 352 1096 lama
375 1045 404 1097 et
425 1037 492 1096 lihri
514 1036 656 1110 periere,
671 1035 748 1092 inter
769 1040 904 1091 auctores
926 1027 1146 1104 Hippocraticos
1171 1028 1302 1100 reperire
1324 1025 1383 1084 sihi

224 1139 308 1198 risus
330 1147 384 1198 est.
418 1135 610 1195 Arbitrarium
632 1135 710 1192 enim
733 1142 779 1193 est
801 1150 837 1192 ex
860 1135 895 1192 eo
908 1130 1065 1208 quodlihri
1087 1122 1166 1211 περὶ
1187 1117 1386 1209 ἒπιάιυήσιος

226 1252 285 1298 una
307 1240 451 1313 quaedam
476 1237 619 1294 sententia
642 1235 796 1293 conveniat
818 1244 885 1293 cum
901 1243 1026 1307 capuae
1040 1230 1207 1307 Leophanis
1220 1229 1385 1288 etaliorum
1432 1288 1435 1289 γ

228 1336 347 1412 quoque
370 1338 533 1397 secundum
555 1337 750 1395 Aristotelem,
765 1343 820 1408 est,
843 1337 970 1395 eundem
993 1342 1061 1393 esse
1084 1338 1233 1390 auctorem
1255 1329 1389 1401 libriqui

228 1435 391 1496 sententiae
414 1437 573 1510 affirmare3
596 1435 698 1510 Polybi
720 1450 790 1494 nero
812 1439 896 1495 locus
919 1438 955 1494 de
977 1449 1118 1494 ranarum
1137 1439 1274 1490 anatome
1296 1431 1332 1488 ah
1348 1445 1386 1487 ee

229 1539 278 1612 qui
301 1537 409 1597 librum
432 1539 468 1596 de
491 1543 593 1595 natura
616 1536 744 1598 hominis
771 1537 937 1610 composuit
963 1552 1000 1595 ex
1026 1529 1385 1608 ipsa·hristotclis*(hist.

230 1654 276 1696 an⁴
293 1636 323 1710 3,
340 1635 376 1711 3)
399 1638 536 1697 citatione
560 1635 725 1711 descriptus
741 1646 807 1710 est,
837 1622 916 1712 quod
933 1639 1078 1696 'locorum
1099 1635 1277 1707 comparatio
1300 1635 1389 1691 docet

229 1729 321 1812 quarm
344 1739 506 1796 orationem
525 1738 630 1812 Polybi
658 1739 735 1811 apud
757 1739 941 1807 Aristotelem
969 1738 999 1794 in
1018 1737 1123 1795 medio
1150 1736 1301 1794 enuntiato
1329 1726 1388 1806 (coi

230 1831 268 1898 de*
279 1835 345 1896 cuir
356 1832 491 1918 φλεβῶν
502 1840 573 1909 etc.)
595 1828 783 1912 incipientem
798 1839 956 1912 verbisque
971 1837 1061 1894 linitis
1071 1838 1250 1910 ‘plerumque
1266 1835 1389 1894 omissis

225 1938 303 1996 <satis
325 1939 444 1998 conciso
468 1938 605 2006 sermone
626 1932 869 2013 progredientem
886 1939 960 1998 liher
982 1937 1203 2013 Hippocratieus
1225 1937 1389 2010 planiorem
1423 1989 1436 2021 ¹,

231 2031 334 2097 reddat
355 2040 437 2099 verbi
459 2047 592 2112 tempora
613 2040 695 2098 finita
716 2040 860 2099 inserens>
874 2042 927 2111 (ex
949 2039 1005 2097 hoc
1020 2047 1089 2097 vero
1105 2038 1221 2097 transiit
1234 2039 1265 2096 in
1281 2028 1389 2096 librum

231 2157 248 2198 e
271 2141 396 2200 divorsis
418 2141 589 2215 fragmentis
612 2143 767 2200 consutum
792 2144 828 2202 de
850 2150 908 2200 nat.
925 2155 985 2200 oss.
1002 2156 1029 2213 p.
1044 2137 1387 2213 conspectarum.

230 2241 294 2299 Non
317 2242 415 2300 miuus
437 2238 519 2312 laisa,
542 2248 575 2300 ut
597 2242 653 2299 hoc
676 2248 798 2316 quoque·
816 2243 950 2316 exemplo
978 2249 1056 2312 utar,
1081 2242 1237 2314 Spengclii·
1252 2243 1288 2299 de
1310 2235 1390 2298 hna-v

230 2342 356 2400 annonis
378 2342 533 2401 rhetoricis
556 2343 741 2399 coniecturae
764 2342 945 2400 victorianae
968 2342 1019 2412 (ci.
1033 2343 1153 2412 Meuage
1166 2342 1236 2398 Ohs.
1255 2342 1291 2398 ad
1303 2341 1386 2415 Diog

230 2443 262 2501 L.
278 2460 307 2516 p.
321 2439 379 2514 rt)
411 2441 544 2498 defensio
578 2448 632 2497 est.
689 2440 794 2499 Omnia
820 2442 908 2515 igitur
936 2457 1011 2513 quae
1038 2443 1074 2498 de
1101 2441 1178 2498 veris
1207 2440 1387 2500 incertorum

230 2543 372 2601 librorum
394 2541 564 2600 auctoribus
590 2548 706 2599 veteres
728 2526 869 2615 produnt,
898 2542 978 2600 velut
1004 2542 1040 2599 de
1062 2541 1192 2600 Platonis
1214 2542 1390 2616 Epinomide

231 2647 261 2702 et
281 2644 440 2718 Halcyone,
469 2657 506 2699 ex
528 2656 609 2700 mera
631 2647 799 2700 coniectura
821 2650 851 2702 et
872 2638 1022 2702 levissima
1044 2659 1159 2716 quaque
1181 2646 1286 2702 hausta
1308 2644 1392 2702 inulla

231 2760 287 2803 nos
298 2747 300 2752 ’
310 2743 481 2818 auctoritate
504 2740 719 2816 coustringunt,
742 2743 836 2829 ipsius
858 2762 928 2804 vcro
944 2735 1084 2818 νοθείας
1098 2742 1206 2804 iudicia
1220 2737 1288 2805 lieet
1300 2758 1390 2819 saepe

232 2846 384 2903 arbitraria
405 2845 457 2917 (ci.
474 2859 499 2900 e.
517 2861 542 2901 0.
558 2846 688 2903 ldomeu.
705 2861 750 2918 ap.
768 2847 872 2904 Athen.
889 2845 939 2918 13,
958 2844 1035 2919 611)
1066 2863 1125 2906 non
1159 2864 1275 2922 semper
1301 2848 1390 2906 nohis

232 2945 408 3019 negligenda
430 2951 509 3016 suut,
534 2945 618 3002 cuius
641 2945 682 3003 rei
707 2949 841 3020 exemplo
863 2957 931 3007 utor
952 2949 1083 3024 Dionysii
1106 2950 1207 3023 optimi
1224 2949 1315 3007 critici
1331 2950 1391 3006 cla-

232 3048 361 3106 rissimo.
406 3044 443 3104 Ut
464 3046 648 3118 Hippocratis
671 3047 712 3104 ita
733 3049 873 3106 falsorum
898 3050 1054 3109 Democriti
1076 3048 1219 3108 lihrorum
1240 3050 1298 3108 iam
1316 3049 1391 3106 anti—

234 3147 333 3223 quitus
350 3160 461 3231 magna
485 3144 568 3219 copia
591 3147 723 3207 extitisse
745 3150 873 3220 videtur,
901 3165 956 3209 uec
984 3153 1080 3210 solum
1107 3152 1136 3209 id
1160 3152 1240 3224 quod
1262 3152 1298 3208 de
1320 3149 1392 3222 Hip-

233 3256 351 3323 pocrate
384 3247 529 3319 Galenus,
565 3249 602 3306 de
630 3249 794 3308 Deruocrito
822 3252 968 3326 Diogenes
995 3253 1129 3310 Laertius
1161 3253 1249 3310 tradit
1281 3252 1391 3310 multos

233 3350 325 3409 lihros
357 3364 398 3408 ea
421 3349 544 3408 aliorum
577 3351 747 3424 fragmentis
775 3353 954 3425 compositos
987 3355 1079 3413 fuisse
1110 3354 1207 3428 (Diog.
1231 3356 1263 3412 L.
1286 3353 1316 3424 9,
1332 3351 1391 3423 49)

183 3490 185 3495 ,
233 3453 388 3524 utriusque
416 3452 603 3511 ‘collectionis
637 3453 763 3512 similem
796 3459 930 3512 naturam
962 3457 1075 3529 prohat.
1096 3492 1097 3495 =
1120 3457 1192 3514 Nam
1226 3448 1306 3528 quod
1333 3453 1392 3511 iam

233 3551 319 3622 primi
347 3551 535 3612 Alexandrini
563 3561 593 3612 et
619 3548 803 3629 Hippocratis
832 3554 939 3629 scripta
966 3559 1002 3614 ah
1029 3557 1187 3632 Herophilo
1214 3556 1283 3614 inde
1312 3569 1393 3612 com-

235 3651 442 3709 mentahantur
463 3660 493 3710 et
516 3655 630 3713 dialecti
651 3655 770 3713 lonicae
786 3671 875 3714 causa
891 3656 1045 3730 diligenter
1059 3658 1195 3731 legehant
1210 3655 1392 3716 Democritea

227 3747 471 3824 >‹pnorum'etiam
492 3754 606 3814 indices
630 3756 697 3813 lecit
721 3756 928 3829 Callimachus,
952 3759 982 3816 id
1004 3766 1093 3818 certe.
1106 3759 1178 3816 nihil
1200 3757 1258 3815 nisi
1281 3756 1392 3831 suppo-

235 3851 362 3910 sitorum
381 3853 581 3927 antiquitatem
607 3846 743 3930 ostendit,
766 3857 940 3931 praesertim
963 3876 1054 3933 quum
1077 3858 1330 3919 incertam‘lidem
1345 3874 1392 3916 ar-

235 3954 413 4028 bitriumque
427 3951 690 4029 ‘grammaticorum
714 3959 763 4031 qui
786 3951 929 4031 πίνακας
949 3961 1117 4019 scribebant
1138 3952 1280 4018 librorum
1300 3959 1391 4017 initiis

236 4058 429 4115 et‘versnum
455 4058 595 4116 numeris
617 4059 754 4132 notisque
781 4065 934 4132 praeterea
950 4063 1000 4120 >de
1025 4061 1092 4135 ipso
1120 4066 1238 4120 anctore
1266 4062 1391 4133 eiusque

236 4157 318 4216 libri-s
347 4157 455 4215 criticis
482 4157 603 4218 ornatos
630 4159 682 4231 (01.
699 4160 802 4218 Athen.
820 4161 850 4233 6,
867 4159 939 4221 244.
964 4161 1015 4234 13,
1029 4161 1095 4224 600
1111 4166 1182 4230 etc.)
1210 4170 1239 4221 et
1266 4163 1391 4220 alexan-

236 4259 387 4317 drinorum
410 4266 438 4317 et
459 4259 707 4334 Pergamenorum
731 4263 782 4334 (ci.
796 4267 898 4322 Athen.
915 4263 945 4338 8,
958 4263 1038 4336 336)
1054 4265 1111 4324 iam
1128 4265 1286 4341 Dionysius
1300 4260 1390 4336 (Opp.

215 4359 308 4448 M!
325 4359 431 4418 Reisha
447 4362 476 4418 T.
491 4361 522 4417 V.
540 4359 654 4433 [0636.
679 4364 713 4420 01.
732 4361 895 4452 eatstan)
919 4367 1085 4427 Callimachi
1110 4368 1145 4425 de
1171 4366 1393 4425 thearchiam-
