2992 5032
759 318 815 384 126

208 500 323 555 sextum
345 491 452 553 iim-uu
478 492 554 550 iuter
577 497 712 564 quartum
736 498 765 550 et
786 489 922 561 quintum
950 503 1017 549 esse
1040 487 1316 562 interponendum,v
1334 486 1366 549 id

208 595 376 656 citationum
400 592 517 666 quibus
530 592 566 651 ad
590 593 724 666 quintum
751 592 782 650 in
803 599 892 664 sento
915 590 990 652 libro
1017 589 1173 662 respicitur
1195 588 1367 648 auctoritate

207 698 285 760 iusta
307 704 336 756 et
357 695 480 768 integra,
503 709 591 765 quam
614 709 631 751 o
654 693 756 753 St-Hil.
781 699 915 766 tregatam
938 693 982 765 (p.
996 689 1068 752 aad.
1082 688 1160 763 166)
1182 703 1368 763 peromnem

209 802 287 860 hunc
308 797 416 856 librum
438 810 455 852 a
477 794 674 854 recentiorum
697 794 752 856 ieri
776 793 895 852 arbitrio
917 800 1009 851 tutam
1031 793 1165 864 ostendo,
1191 790 1273 849 iaciie
1288 791 1368 856 resu-

210 908 296 971 tetur‚
319 900 355 956 ei.
371 896 402 968 6,
423 891 643 962 51319137.
668 894 696 966 6,
712 896 742 954 4.
767 891 921 954 131915.
945 892 975 965 6,
993 892 1021 952 1.
1046 891 1140 962 1317,
1155 890 1212 952 37
1232 894 1284 964 (dc
1307 906 1367 965 quo

209 1005 276 1062 loeo
298 1016 389 1074 quum
412 997 567 1057 manifesto
590 1004 703 1069 spectet
725 999 761 1056 ad
777 993 806 1068 5,
823 995 852 1057 9.
866 991 975 1057 13091)
991 992 1032 1054 18
1044 1010 1108 1068 sqq.
1134 996 1169 1058 ci.
1193 995 1279 1054 etiarn
1293 992 1368 1067 6,4.

211 1102 305 1173 1319,
322 1100 341 1160 7
354 1109 420 1170 eto,
442 1098 563 1159 minime
586 1112 655 1157 vero
668 1099 705 1155 ad
720 1094 787 1167 3,-8
799 1114 875 1171 sqq,
899 1096 973 1160 falso
986 1095 1125 1155 iudicavit
1136 1096 1217 1154 Stil.
1231 1093 1294 1155 166
1304 1096 1368 1168 sq.)

212 1214 241 1265 et
262 1203 388 1264 mamare
411 1201 504 1274 ipsius
525 1199 591 1257 iibri
615 1200 689 1257 sexti
712 1199 906 1272 prooemium,
929 1196 980 1255 ubi
1003 1197 1131 1269 quaein
1155 1205 1257 1270 quarto
1273 1200 1372 1268 (novo-

212 1306 281 1364 inde
302 1302 364 1373 ad,
381 1300 422 1360 14
445 1300 588 1375 principio
611 1302 724 1372 sumto)
751 1307 781 1358 et
809 1299 911 1372 quinto
939 1298 1013 1356 libro
1041 1298 1141 1371 (cuius
1164 1299 1278 1361 initium
1301 1314 1368 1356 curn

213 1404 343 1464 clausula
366 1403 440 1464 senti
459 1403 499 1460 ad
522 1402 745 1475 praecedentem
768 1393 847 1482 περὶ
869 1389 975 1481 ἀρχῶν
998 1399 1226 1474 disputationem
1241 1401 1278 1458 cf.
1294 1400 1325 1470 4,
1337 1396 1367 1460 8.

214 1501 356 1567 132165
380 1510 530 1577 spectante
553 1502 625 1566 nihii
647 1518 804 1564 commune
827 1503 914 1561 habet
929 1501 986 1563 nisi
1002 1501 1067 1574 ipsa
1083 1502 1224 1561 formulae
1236 1501 1370 1563 solennis

213 1610 302 1670 verba
324 1607 362 1669 ita
382 1613 416 1663 ut
438 1604 569 1668 nesciam
592 1604 661 1676 quid
676 1603 735 1661 sibi
749 1603 817 1663 vetit
829 1604 909 1662 St-H.
923 1600 1032 1677 p..158
1043 1605 1104 1677 sq.)
1121 1603 1273 1662 econsilio
1286 1611 1372 1665 autea

214 1709 348 1783 exposito
382 1706 428 1779 (4,
448 1704 478 1764 2.
502 1701 769 1777 iterato-26)
802 1706 959 1763 tradiderat
991 1712 1147 1778 postquam
1183 1705 1308 1764 breviter
1340 1706 1372 1763 in

214 1817 342 1871 mentem
364 1807 522 1877 revocavit,
545 1806 650 1864 transit
671 1806 709 1863 ad
730 1806 760 1864 id
783 1806 862 1879 qaod
885 1805 983 1865 dedita
1005 1821 1094 1880 opera
1117 1806 1256 1871 omiserat
1279 1805 1324 1880 (5,
1341 1806 1370 1865 1.

214 1907 309 1979 1301,
325 1907 365 1969 19
389 1899 506 1984 σχεδόν
529 1896 658 1988 εἴρηται
669 1925 707 1967 rr.
720 1925 758 1966 π.
782 1906 817 1964 ci.
835 1904 864 1977 6,
883 1905 912 1964 1.
929 1905 1039 1967 13161)
1054 1904 1095 1967 37
1119 1898 1156 1968 εἷ’
1172 1926 1206 1968 τι
1228 1898 1373 1970 λοιπόν

215 2022 245 2073 et
260 2010 420 2084 1317,4)ι
454 2005 528 2082 πῶς
558 2002 617 2091 χρη
651 1997 858 2070 καθιστάναι
890 2002 950 2081 τὰς
983 2001 1208 2092 δημοκρατίας
1229 2004 1286 2071 καὶ
1312 2004 1374 2084 τὰς

216 2102 409 2195 ὀλιγαρχίας
436 2109 519 2184 (6,7
543 2119 616 2173 extr.
640 2111 676 2170 ci.
701 2107 976 2184 6,1.1317,15),
1010 2129 1051 2172 se.
1080 2115 1117 2175 ad
1145 2115 1242 2175 varios
1271 2113 1374 2186 singu·

215 2220 311 2277 lorum
338 2213 532 2288 reipublicae·
544 2228 687 2288 generum
714 2226 804 2286 saepe
831 2213 989 2274 mixtorum
1016 2209 1109 2289 (τοὺς
1129 2208 1374 2292 asseverarem

215 2320 321 2380 modos
345 2317 395 2391 qui
416 2332 507 2388 supra
529 2315 587 2374 iam
609 2314 639 2371 in
659 2314 730 2371 LIV
753 2313 938 2388 dividuntur,
971 2325 1039 2389 post
1066 2317 1235 2379 mutationis
1262 2315 1374 2376 stabili-

216 2420 344 2492 tatisque
372 2432 476 2475 causas
503 2422 588 2474 antea
616 2415 779 2473 intellectas
806 2418 1015 2493 expositosque
1045 2435 1123 2477 nunc
1149 2418 1373 2478 constituendos

217 2517 488 2590 describendosque
521 2517 607 2588 (sunt
628 2523 730 2574 'autem
757 2518 877 2594 omnino
904 2519 1062 2592 pleraeque
1090 2520 1222 2580 civitates
1249 2528 1299 2579 aut
1320 2519 1375 2578 oii-

217 2619 370 2697 garehicae
403 2626 453 2677 aut
487 2617 698 2684 democraticae
729 2616 826 2692 1296,
837 2619 893 2692 22;
928 2636 982 2680 uec
1014 2621 1071 2680 nisi
1100 2638 1158 2680 una
1187 2624 1302 2697 species
1329 2630 1376 2682 est

217 2724 404 2785 monarchiae
435 2736 545 2794 paucae
579 2720 782 2782 aristocratiae
810 2720 928 2793 ο1.4,7
952 2731 981 2782 et
1001 2719 1033 2795 5,
1056 2720 1075 2783 7
1102 2724 1139 2782 de
1167 2725 1277 2798 quibus
1302 2723 1375 2782 ninii

217 2828 265 2886 hic
287 2825 455 2883 addendum
478 2822 546 2895 fuit)
572 2823 612 2882 ita
635 2832 667 2884 ut
689 2834 719 2884 et
741 2825 791 2898 qui
815 2841 917 2883 eorum
940 2832 970 2884 et
992 2826 1200 2899 unusquisqne
1226 2826 1385 2900 quomodo

217 2922 255 3001 ἐξ
274 2916 476 2994 ὑποθέσεως
498 2925 539 2993 (e.
564 2940 606 2996 gr.
631 2927 656 2983 si
679 2915 849 2999 ὑπόθεσις
872 2928 910 2986 sit
932 2915 951 3009 ἡ
976 2919 1154 3011 ἔλευθερία
1181 2929 1199 2987 1.
1223 2945 1249 2987 e.
1274 2930 1376 2987 demo·

216 3028 314 3095 cratia,
339 3025 401 3082 sive
424 3023 618 3083 democratiae
643 3027 787 3096 quaedam
810 3028 926 3099 species
954 3028 989 3085 ci.
1008 3027 1102 3099 1317,
1114 3030 1172 3103 40)
1195 3032 1235 3088 sit
1246 3031 1375 3103 optimus

218 3132 359 3188 doceatur
378 3117 432 3198 (ἐξ
453 3112 561 3184 dread.
574 3124 610 3180 ci.
627 3112 646 3202 ἡ
670 3119 815 3187 δοθεῖσα
826 3124 935 3185 12881)
946 3124 997 3186 28.
1016 3127 1374 3202 taratarantium.

217 3231 350 3301 Quatuor
382 3227 460 3289 enim
477 3240 579 3299 «quum
614 3225 672 3283 sint
699 3227 729 3284 in
758 3226 922 3285 iudicandis
946 3244 1044 3288 rerum
1067 3232 1251 3305 publicarum
1274 3233 1376 3292 formis

218 3333 361 3402 rationes,
395 3337 429 3391 ut
452 3329 519 3404 quis
546 3334 595 3386 aut
622 3328 754 3386 omnium
777 3329 915 3402 optimam
939 3320 1073 3405 (antea
1096 3321 1164 3414 ἄρ.)
1192 3328 1305 3406 spectet
1327 3341 1377 3392 aut

218 3429 277 3518 τήν
300 3427 337 3507 ἐξ
357 3421 587 3510 ὑποκειμένων
606 3418 744 3512 Ιοἰρίστην
777 3427 901 3504 (12886
916 3429 958 3493 25
973 3455 1009 3486 =
1023 3428 1082 3516 τὴν
1105 3425 1319 3517 ἐνδεχομένην
1340 3426 1377 3497 ἐκ

218 3535 283 3597 τῶν
296 3524 510 3613 ὑπαρχόντων
522 3533 560 3591 11.
574 3530 661 3604 1132),
685 3549 726 3591 sc.
750 3550 787 3592 ex
809 3550 908 3594 rernm
920 3537 1102 3609 publicarum
1114 3539 1216 3598 formis
1229 3541 1259 3612 4,
1272 3537 1378 3599 3-10

219 3635 374 3707 descriptis
407 3635 459 3705 (de
483 3648 608 3705 quarum
631 3633 771 3705 dignitate
793 3637 829 3692 ci.
846 3637 877 3706 4,
895 3638 930 3709 2)
964 3629 1051 3699 ποία
1077 3632 1193 3713 ποίοις
1220 3631 1378 3722 ἁρμόττει

220 3732 332 3808 (412.
357 3734 393 3790 ci.
410 3729 519 3792 12891)
537 3729 605 3802 18),
633 3740 684 3790 aut
705 3735 790 3793 tertio
813 3730 872 3819 τὴν
893 3733 931 3814 ἕξ
951 3729 1151 3814 ὑποθέσεως
1173 3731 1307 3820 ἀρίστην
1330 3737 1375 3812 (6,

220 3833 336 3906 1-7),
371 3833 498 3905 denique
528 3828 621 3914 παρὰ
648 3824 759 3900 πάντα
779 3837 885 3900 ταῦτα
906 3835 967 3922 τήν
986 3834 1133 3919 μάλιστα
1155 3833 1285 3915 πόσαις
1305 3839 1379 3916 ταῖς

220 3928 362 3999 ντόλεσιν
384 3923 615 4012 ἁρμόττουσαν
628 3935 817 4012 (1288134,
839 3957 916 4013 quae
938 3931 1025 4021 esta}
1047 3937 1133 4024 μέση
1155 3943 1294 4003 omnibus
1311 3951 1378 4017 apto

219 4052 368 4116 quareque
396 4035 503 4095 imitari
534 4046 647 4097 ceterae
675 4041 797 4112 debent,
831 4032 851 4124 ἡ
876 4032 991 4126 ἀρίστη
1014 4032 1060 4115 ὡς
1081 4035 1139 4104 ἐπὶ
1160 4037 1198 4104 τό
1220 4040 1377 4106 πλεῖστον

220 4134 328 4205 εἰπεῖν
350 4134 459 4197 12971)
474 4133 524 4197 33.
548 4138 584 4195 ei.
603 4136 712 4202 12961)
728 4138 756 4200 7.
775 4138 825 4202 35.
861 4146 920 4218 agit
941 4151 1037 4202 autem
1060 4145 1097 4203 da
1120 4161 1155 4204 eo
1169 4145 1281 4218 411),
1304 4148 1377 4209 haee

221 4247 310 4320 igitur
332 4246 458 4315 quatuor
480 4254 570 4311 quum
598 4240 666 4312 sint,
694 4243 810 4317 dupiiee
837 4246 894 4305 iam
912 4245 950 4305 ,in
968 4245 1158 4308 ‘mammarum
1182 4249 1284 4308 ordine
1301 4252 1377 4307 ‘eon-

221 4346 287 4405 silio
315 4341 469 4416 proposito
492 4338 572 4411 (4,1
598 4348 626 4399 et
649 4342 679 4411 4,
696 4341 736 4417 2)
766 4362 824 4404 non
859 4346 1021 4419 urgendum
1050 4363 1118 4406 esse
1147 4352 1237 4408 unum
1266 4355 1376 4407 tanturn
