2954 5034
754 345 795 408 60

196 519 303 577 iihrum
330 516 415 579 cuins
442 520 545 578 eadem
572 518 646 578 ratio
673 524 718 577 est
741 515 969 576 Oeconomicum
986 515 1047 589 ‘qui
1075 516 1166 574 sertin
1187 513 1354 592 Aristoteiis

197 636 252 679 suo
268 619 379 678 ambitu
400 622 583 693 ahsolutum)
606 620 692 693 plane
714 617 801 677 alieni
825 619 1019 700 fragmentum
1042 615 1104 674 sive
1125 616 1225 690 potius
1249 631 1355 688 prooe-

100 712 102 715 ’
197 722 289 780 mium
310 719 519 803 (tanath
532 718 625 793 1346,
638 720 694 792 24)
724 736 783 778 uno
806 727 909 778 tenore
936 719 1036 792 inepte
1056 734 1205 793 annexum
1238 719 1274 775 de
1301 717 1355 773 ad·

198 823 412 891 ministratione
436 821 817 896 dispensationumpuhliea
829 821 952 894 eiusque
965 827 1091 894 quatuor
1102 819 1213 890 formis,
1223 834 1355 893 ¹<guarum

125 920 133 925 ”
199 941 274 999 quae
286 941 355 983 una
377 933 422 984 est
443 923 586 997 satrapica
609 922 818 980 diadochorum
836 929 959 980 aetatem
972 922 1079 979 diserte
1089 921 1187 994 prodit
1202 920 1252 993 (ci.
1267 918 1355 990 etiam

88 1093 93 1107 Ι
198 1022 369 1085 1351136.
388 1022 580 1098 tathaee.
604 1023 679 1083 Plut.
693 1023 792 1098 Symp.
808 1021 836 1097 1,
850 1023 879 1096 2,
892 1021 939 1097 3).
985 1022 1079 1091 Quem
1100 1022 1208 1080 librum
1231 1027 1355 1078 utreete

199 1144 235 1186 en
259 1126 387 1200 Olynthii
412 1126 540 1199 Ophelae
563 1124 712 1182 mentione
736 1121 845 1199 (1353,
859 1122 893 1198 5)
917 1124 1045 1183 advertit·
1061 1123 1193 1183 Niebuhr
1204 1122 1357 1196 (KhSchn

199 1231 220 1301 Ι,
237 1246 266 1302 p.
279 1226 343 1286 412
355 1244 400 1300 sq.
424 1227 460 1284 ct.
477 1225 560 1283 Diod.
573 1224 624 1300 20,
636 1225 694 1300 42)
717 1235 786 1301 post
808 1227 852 1285 ΟΙ.
867 1222 970 1296 118,1
994 1224 1145 1298 seriptum,
1169 1225 1206 1282 ad
1222 1224 1357 1300 Oecono-

200 1328 309 1393 micum
331 1328 382 1402 qui
405 1327 511 1385 dieitur
532 1325 660 1400 primum
673 1329 754 1387 vnihil
777 1328 923 1403 pertinere
945 1326 1002 1384 iam
1024 1325 1139 1399 pridem
1162 1323 1234 1381 dixit
1252 1323 1357 1382 Hiero-

200 1444 307 1503 nymus
342 1410 526 1503 Gemusaeus
561 1429 590 1487 in
626 1414 694 1488 edit
724 1447 805 1504 opp„
819 1430 906 1488 Arist.
935 1428 1015 1486 latin.
1043 1422 1356 1499 tantummodi,

199 1548 227 1604 p.
245 1527 323 1590 184:-
350 1530 486 1604 „Titulus
509 1537 554 1589 est
578 1531 841 1593 Oeconomicornm
863 1530 1089 1604 publicorum
1115 1528 1146 1586 id
1169 1535 1216 1587 est
1238 1527 1358 1600 dispen-

202 1631 365 1705 sationum,
399 1647 467 1690 cum
494 1631 657 1692 adiectione
683 1649 722 1695 ne
747 1640 808 1691 tres
826 1633 900 1690 vlihri
920 1630 1180 1696 ‚oeconomicorum
1202 1630 1359 1695 rideantur

201 1749 278 1795 esse.
322 1735 444 1792 Videtur
465 1733 595 1805 prosecta
618 1733 758 1808 indignus
785 1751 852 1794 esse
880 1734 935 1808 qui.
957 1735 1055 1792 locum
1082 1734 1187 1791 haheat
1208 1737 1276 1814 post
1298 1738 1358 1791 um

79 1835 88 1849 “
201 1841 301 1893 sancta
322 1841 478 1908 praecepta
500 1834 609 1907 quihus
632 1843 677 1894 est
688 1837 795 1910 plenus
806 1842 930 1919 uterque
943 1835 1173 1893 Oeconomicus’
1185 1835 1275 1908 (cf..p.
1283 1832 1357 1893 261.

201 1935 237 1994 cs.
262 1934 348 1993 etiam
371 1936 486 1993 dehoc
508 1935 583 1993 libro
603 1935 678 2013 satis
700 1938 776 1996 hene
799 1937 1129 1997 iudicantemJoannem
1142 1937 1249 1996 Casum
1262 1936 1357 1994 Onon.

201 2036 231 2117 in
254 2037 404 2095 Thesauro
428 2036 624 2096 oeconomiae
647 2055 700 2097 seu
714 2038 825 2097 Comm.
843 2038 874 2095 in
890 2039 938 2099 Ar.
957 2037 1065 2096 Oecon.
1085 2035 1359 2101 ed.Hanov.1598

201 2154 229 2211 p.
242 2134 422 2211 406,-;410,
446 2138 496 2196 uhi
520 2145 549 2196 et
561 2148 689 2214 propter
710 2157 878 2199 sermonem
901 2147 930 2198 et
944 2147 1149 2214 argumentum
1161 2141 1360 2201 lihrurnhunc

201 2239 295 2306 reiicit
317 2245 346 2296 et
367 2247 486 2314 propter
507 2241 650 2300 rationem
663 2256 790 2314 omnem,
814 2243 850 2300 ci.
863 2259 891 2316 p.
904 2239 982 2301 408:
1007 2242 1201 2314 „Aristoteles
1214 2241 1296 2308 enim
1312 2248 1358 2299 est

202 2341 367 2418 seretotus
394 2341 558 2414 theoricus,
587 2358 647 2400 non
674 2343 859 2403 historicus.’'
896 2343 1012 2423 'Ultima
1044 2343 1131 2401 verba
1160 2340 1292 2417 spectant
1320 2344 1358 2400 ad
1468 2351 1471 2406 J

202 2442 323 2512 lihrum,
352 2441 402 2511 qui
430 2441 460 2498 in
487 2442 666 2507 editionibus
693 2443 790 2500 latinis
819 2443 938 2500 Venetis
966 2450 994 2501 et
1015 2444 1236 2502 Basileensibus
1263 2442 1358 2516 primo

204 2528 400 2614 Oeconomico
433 2541 608 2615 pierumque
635 2551 667 2601 ut
699 2545 849 2603 secundus
876 2544 1006 2616 additur,
1040 2562 1099 2609 nna
1126 2561 1193 2604 cum
1220 2544 1314 2618 primo
1333 2562 1364 2602 ‘a

202 2643 356 2705 Leonardo
383 2641 502 2701 Aretino
528 2643 1115 2704 EthicorumEudemi›etP01iticornm
1143 2653 1258 2721 praeter
1284 2646 1359 2705 aiios

203 2746 312 2803 multos
334 2744 426 2804 libros
455 2745 582 2804 Graecos
614 2747 772 2822 interprete
795 2749 829 2821 (†
844 2746 944 2822 1444)
970 2749 1060 2811 iatine
1086 2765 1213 2822 versum
1229 2756 1257 2807 et
1278 2763 1359 2812 com·

203 2845 345 2910 monterio
369 2852 488 2914 auctum
512 2849 702 2922 ‘eundemque
728 2855 830 2922 postea
858 2851 934 2909 siout
960 2850 1026 2908 iibri
1053 2851 1090 2910 de
1116 2836 1223 2925 plantis
1247 2849 1358 2907 Graeco

203 2947 333 3006 sermoni
362 2947 507 3006 aiacoho
535 2951 652 3009 Tusano
680 2951 827 3012 redditum
854 2954 944 3026 (quae
966 2951 1063 3011 versio
1081 2952 1117 3010 in
1139 2952 1240 3010 multis
1263 2967 1357 3027 graec.

204 3051 270 3118 edd.
299 3048 405 3122 legitur
432 3051 511 3106 velut
526 3051 624 3124 Parii,
653 3052 829 3126 casauboni,
856 3053 995 3125 Duvailii3
1029 3054 1063 3119 cf.
1087 3053 1174 3112 Arist.
1199 3053 1358 3112 Oeconom.

204 3167 246 3226 gr.
270 3151 316 3208 ed.
329 3150 419 3208 Paris
433 3147 526 3210 1541.
549 3153 657 3210 Tusani
678 3155 863 3227 prooemium
885 3154 991 3228 legitur
1014 3155 1100 3213 etiam
1123 3157 1201 3228 apud
1224 3155 1358 3230 Syibung.

204 3255 234 3312 in
258 3244 326 3312 edit.
349 3252 495 3312 Politieor.
518 3271 546 3328 p.
560 3253 638 3328 236)
665 3255 696 3313 in
724 3273 783 3329 qno
806 3257 880 3315 libro
903 3257 997 3314 trihus
1021 3257 1155 3330 capitulis
1178 3258 1300 3323 docetur
1322 3257 1359 3314 de

205 3354 309 3416 offitiis
333 3363 360 3414 et
383 3355 498 3429 legibus
522 3364 605 3430 „tum
627 3357 828 3430 propriistum
843 3359 954 3433 mutuis
966 3359 1018 3417 viri
1031 3366 1060 3418 et
1071 3357 1229 3418 mulieris.”
1256 3344 1359 3414 Maiam

204 3458 235 3517 in
257 3460 311 3526 hac
332 3475 372 3519 re
387 3459 475 3517 fidem
500 3459 592 3518 fuisse
612 3459 735 3531 Aretini,
757 3459 787 3518 id
810 3460 890 3534 quod
917 3467 1020 3534 postea
1043 3461 1171 3520 editores
1194 3459 1359 3518 Aristotelis

205 3560 300 3630 graeci
324 3560 527 3632 significabant
549 3563 599 3633 (ci.
625 3562 759 3636 Sylburg.
783 3562 877 3636 praes:
896 3564 927 3620 in
942 3563 1036 3636 Polit,
1050 3565 1155 3622 Tusan.
1173 3564 1192 3620 Ι.
1209 3578 1244 3635 c,
1268 3561 1360 3618 Patri·

205 3657 282 3716 cium
304 3660 334 3716 in
358 3660 488 3720 Diseuss.
512 3663 635 3737 Peripat.
659 3680 687 3735 p.
701 3662 752 3737 49,
776 3664 884 3722 Fabric.
901 3665 947 3736 ΙΙΙ,
965 3663 1077 3724 27411.
1101 3673 1130 3723 et
1152 3664 1277 3720 manime
1300 3663 1359 3719 Jae.

204 3760 277 3821 Lod.
305 3761 479 3823 Strehaeum
505 3764 536 3822 iu
559 3764 648 3838 praes.
677 3765 714 3821 ad
738 3764 846 3824 Oeoon.
869 3766 956 3823 Arist.
986 3774 1014 3823 et
1041 3764 1174 3836 Xenoph.
1203 3762 1251 3818 lat.
1275 3776 1361 3819 versa

205 3862 295 3920 Paris.
308 3861 402 3935 1604,
431 3878 519 3935 quem
544 3865 652 3925 librum
679 3865 750 3923 mihi
772 3866 905 3938 ignotum
933 3866 1000 3941 citat
1022 3859 1151 3936 Feugere
1173 3862 1203 3918 in
1228 3860 1360 3920 Oeuvres

205 3959 364 4038 completos
388 3964 554 4032 d’Estienne
577 3966 613 4023 de
635 3967 662 4023 ia
685 3967 795 4040 Bothe,
818 3967 900 4026 Paris
923 3964 1006 4026 1846
1029 3983 1057 4039 p.
1071 3963 1134 4024 100
1156 3996 1196 4004 -
1216 3963 1264 4023 hic
1281 3963 1361 4021 enim

206 4066 234 4124 in
259 4065 395 4146 gallicum
418 4081 583 4127 sermonem
610 4066 694 4124 vertit
716 4083 783 4126 cum
805 4070 998 4142 Xenophonte
1021 4067 1067 4124 Ar.
1093 4066 1201 4129 Oecon.
1225 4067 1278 4124 sed
1300 4065 1361 4139 pri-

205 4186 286 4227 mum
309 4175 421 4227 tanturn
444 4168 566 4240 librum)
600 4168 629 4224 id
659 4169 695 4225 de
725 4170 790 4228 viro
820 4172 914 4246 apud.
933 4170 1071 4243 aequales
1094 4184 1198 4226 omnes
1220 4167 1361 4248 laudatis-

207 4271 282 4330 simo
316 4278 345 4329 et
378 4269 507 4327 virorum
544 4269 813 4331 laudatissimorum
851 4272 944 4333 enrico
978 4287 1075 4345 neque
1112 4271 1247 4329 editores.
1274 4269 1360 4342 primi

207 4372 346 4447 suspicati
362 4378 438 4432 »snm
449 4404 490 4414 -α
503 4374 537 4431 es.
551 4373 731 4433 Ludovicum
753 4373 853 4433 Vivcm
875 4374 973 4439 critico
996 4373 1104 4433 iudicio
1120 4374 1202 4432 inter
1223 4372 1362 4444 aeqrralcs
