<?xml version="1.0" encoding="UTF-8"?>
<!DOCTYPE html PUBLIC "-//W3C//DTD XHTML 1.0 Transitional//EN"
    "http://www.w3.org/TR/xhtml1/DTD/xhtml1-transitional.dtd">
<html xmlns="http://www.w3.org/1999/xhtml" xml:lang="en" lang="en">
 <head>
  <title>
</title>
<meta http-equiv="Content-Type" content="text/html;charset=utf-8" />
  <meta name='ocr-system' content='tesseract 3.04.00' />
  <meta name='ocr-capabilities' content='ocr_page ocr_carea ocr_par ocr_line ocrx_word'/>
</head>
<body>
  <div class='ocr_page' id='page_1' title='image "./dearistotelisli00rosegoog_0070.png"; bbox 0 0 2954 5034; ppageno 0'>
   <div class='ocr_carea' id='block_1_1' title="bbox 652 356 694 416">
    <p class='ocr_par' dir='ltr' id='par_1_1' title="bbox 652 356 694 416">
     <span class='ocr_line' id='line_1_1' title="bbox 652 356 694 416; baseline 0 0"><span class='ocrx_word' id='word_1_1' title='bbox 652 356 694 416; x_wconf 75' lang='lat'>63</span> 
     </span>
    </p>
   </div>
   <div class='ocr_carea' id='block_1_2' title="bbox 89 523 1347 2938">
    <p class='ocr_par' dir='ltr' id='par_1_2' title="bbox 94 523 1347 1412">
     <span class='ocr_line' id='line_1_2' title="bbox 96 523 1251 603; baseline 0.006 -23"><span class='ocrx_word' id='word_1_2' title='bbox 96 524 196 582; x_wconf 82' lang='lat' dir='ltr'>rabilis</span> <span class='ocrx_word' id='word_1_3' title='bbox 218 523 367 582; x_wconf 64' lang='lat' dir='ltr'>est-liber¹</span> <span class='ocrx_word' id='word_1_4' title='bbox 384 525 549 584; x_wconf 88' lang='lat' dir='ltr'>illenorus</span> <span class='ocrx_word' id='word_1_5' title='bbox 571 525 655 594; x_wconf 85' lang='lat' dir='ltr'>(licet</span> <span class='ocrx_word' id='word_1_6' title='bbox 678 528 812 599; x_wconf 88' lang='lat' dir='ltr'>spurius)</span> <span class='ocrx_word' id='word_1_7' title='bbox 835 546 852 585; x_wconf 89' lang='lat' dir='ltr'>a</span> <span class='ocrx_word' id='word_1_8' title='bbox 875 544 923 586; x_wconf 84' lang='lat' dir='ltr'>me</span> <span class='ocrx_word' id='word_1_9' title='bbox 945 543 1023 587; x_wconf 81' lang='lat' dir='ltr'>rruuc</span> <span class='ocrx_word' id='word_1_10' title='bbox 1045 537 1178 603; x_wconf 88' lang='lat' dir='ltr'>repertus</span> <span class='ocrx_word' id='word_1_11' title='bbox 1202 531 1251 603; x_wconf 90' lang='lat' dir='ltr'>qui</span> 
     </span>
     <span class='ocr_line' id='line_1_3' title="bbox 96 615 1252 708; baseline 0.006 -26"><span class='ocrx_word' id='word_1_12' title='bbox 96 626 267 684; x_wconf 74' lang='lat' dir='ltr'>inscribitur</span> <span class='ocrx_word' id='word_1_13' title='bbox 299 615 399 703; x_wconf 87' lang='grc' dir='ltr'><strong><em>νόμον</em></strong></span> <span class='ocrx_word' id='word_1_14' title='bbox 420 617 511 708; x_wconf 80' lang='grc' dir='ltr'>ἆνὸρ.</span> <span class='ocrx_word' id='word_1_15' title='bbox 535 615 570 685; x_wconf 68' lang='grc' dir='ltr'>κ.</span> <span class='ocrx_word' id='word_1_16' title='bbox 587 645 627 707; x_wconf 69' lang='grc' dir='ltr'>μ,</span> <span class='ocrx_word' id='word_1_17' title='bbox 655 629 734 701; x_wconf 81' lang='lat' dir='ltr'>qirod</span> <span class='ocrx_word' id='word_1_18' title='bbox 762 629 830 687; x_wconf 89' lang='lat' dir='ltr'>iude</span> <span class='ocrx_word' id='word_1_19' title='bbox 845 664 847 667; x_wconf 30' lang='grc' dir='ltr'>ψ</span> <span class='ocrx_word' id='word_1_20' title='bbox 862 630 1018 688; x_wconf 82' lang='lat' dir='ltr'>manifesto</span> <span class='ocrx_word' id='word_1_21' title='bbox 1041 632 1176 704; x_wconf 83' lang='lat' dir='ltr'>exemplo</span> <span class='ocrx_word' id='word_1_22' title='bbox 1199 632 1252 689; x_wconf 82' lang='lat' dir='ltr'>tio·</span> 
     </span>
     <span class='ocr_line' id='line_1_4' title="bbox 96 726 1251 806; baseline 0.006 -22"><span class='ocrx_word' id='word_1_23' title='bbox 96 734 197 784; x_wconf 83' lang='lat' dir='ltr'>camur</span> <span class='ocrx_word' id='word_1_24' title='bbox 224 726 304 800; x_wconf 86' lang='lat' dir='ltr'>quid·</span> <span class='ocrx_word' id='word_1_25' title='bbox 324 743 359 785; x_wconf 91' lang='lat' dir='ltr'>ex</span> <span class='ocrx_word' id='word_1_26' title='bbox 387 729 492 788; x_wconf 85' lang='lat' dir='ltr'>ceteris</span> <span class='ocrx_word' id='word_1_27' title='bbox 515 745 634 802; x_wconf 89' lang='lat' dir='ltr'>quoque</span> <span class='ocrx_word' id='word_1_28' title='bbox 660 728 719 786; x_wconf 92' lang='lat' dir='ltr'>illis</span> <span class='ocrx_word' id='word_1_29' title='bbox 748 731 846 788; x_wconf 91' lang='lat' dir='ltr'>multis</span> <span class='ocrx_word' id='word_1_30' title='bbox 874 732 1038 789; x_wconf 83' lang='lat' dir='ltr'>Aristotelis</span> <span class='ocrx_word' id='word_1_31' title='bbox 1065 732 1147 790; x_wconf 90' lang='lat' dir='ltr'>libris</span> <span class='ocrx_word' id='word_1_32' title='bbox 1176 748 1251 806; x_wconf 86' lang='lat' dir='ltr'>quos</span> 
     </span>
     <span class='ocr_line' id='line_1_5' title="bbox 94 828 1251 904; baseline 0.006 -18"><span class='ocrx_word' id='word_1_33' title='bbox 94 831 198 902; x_wconf 86' lang='lat' dir='ltr'>lugent</span> <span class='ocrx_word' id='word_1_34' title='bbox 220 829 388 902; x_wconf 86' lang='lat' dir='ltr'>deperditos</span> <span class='ocrx_word' id='word_1_35' title='bbox 410 830 615 904; x_wconf 79' lang='lat' dir='ltr'>philosophiae</span> <span class='ocrx_word' id='word_1_36' title='bbox 638 830 702 888; x_wconf 90' lang='lat' dir='ltr'>eius</span> <span class='ocrx_word' id='word_1_37' title='bbox 726 828 889 891; x_wconf 82' lang='lat' dir='ltr'>accessisse</span> <span class='ocrx_word' id='word_1_38' title='bbox 912 834 1077 904; x_wconf 84' lang='lat' dir='ltr'>credamus,</span> <span class='ocrx_word' id='word_1_39' title='bbox 1099 834 1171 891; x_wconf 88' lang='lat' dir='ltr'>nihil</span> <span class='ocrx_word' id='word_1_40' title='bbox 1193 835 1251 893; x_wconf 91' lang='lat' dir='ltr'>sci-</span> 
     </span>
     <span class='ocr_line' id='line_1_6' title="bbox 94 930 1251 1006; baseline 0.005 -16"><span class='ocrx_word' id='word_1_41' title='bbox 94 931 171 991; x_wconf 90' lang='lat' dir='ltr'>licet.</span> <span class='ocrx_word' id='word_1_42' title='bbox 217 930 350 999; x_wconf 76' lang='lat' dir='ltr'>Attamen</span> <span class='ocrx_word' id='word_1_43' title='bbox 373 932 398 989; x_wconf 89' lang='lat' dir='ltr'>si</span> <span class='ocrx_word' id='word_1_44' title='bbox 421 941 489 990; x_wconf 90' lang='lat' dir='ltr'>non.</span> <span class='ocrx_word' id='word_1_45' title='bbox 503 936 623 1006; x_wconf 88' lang='lat' dir='ltr'>propter</span> <span class='ocrx_word' id='word_1_46' title='bbox 646 932 814 1004; x_wconf 88' lang='lat' dir='ltr'>dignitatem</span> <span class='ocrx_word' id='word_1_47' title='bbox 837 933 1085 1006; x_wconf 79' lang='lat' dir='ltr'>philosophicam,</span> <span class='ocrx_word' id='word_1_48' title='bbox 1115 950 1150 993; x_wconf 89' lang='lat' dir='ltr'>eo</span> <span class='ocrx_word' id='word_1_49' title='bbox 1173 934 1251 996; x_wconf 84' lang='lat' dir='ltr'>certe</span> 
     </span>
     <span class='ocr_line' id='line_1_7' title="bbox 95 1032 1250 1108; baseline 0.003 -17"><span class='ocrx_word' id='word_1_50' title='bbox 95 1041 125 1091; x_wconf 86' lang='lat' dir='ltr'>et</span> <span class='ocrx_word' id='word_1_51' title='bbox 145 1033 193 1091; x_wconf 90' lang='lat' dir='ltr'>hic</span> <span class='ocrx_word' id='word_1_52' title='bbox 215 1032 333 1092; x_wconf 88' lang='lat' dir='ltr'>libellus</span> <span class='ocrx_word' id='word_1_53' title='bbox 356 1043 386 1093; x_wconf 91' lang='lat' dir='ltr'>et</span> <span class='ocrx_word' id='word_1_54' title='bbox 406 1033 708 1108; x_wconf 81' lang='lat' dir='ltr'>Pseudopythagorici</span> <span class='ocrx_word' id='word_1_55' title='bbox 728 1034 769 1091; x_wconf 93' lang='lat' dir='ltr'>illi</span> <span class='ocrx_word' id='word_1_56' title='bbox 792 1035 869 1093; x_wconf 89' lang='lat' dir='ltr'>lectu</span> <span class='ocrx_word' id='word_1_57' title='bbox 886 1035 958 1092; x_wconf 88' lang='lat' dir='ltr'>satis</span> <span class='ocrx_word' id='word_1_58' title='bbox 974 1034 1053 1106; x_wconf 91' lang='lat' dir='ltr'>digni</span> <span class='ocrx_word' id='word_1_59' title='bbox 1069 1041 1149 1105; x_wconf 85' lang='lat' dir='ltr'>sunt,</span> <span class='ocrx_word' id='word_1_60' title='bbox 1171 1039 1250 1108; x_wconf 88' lang='lat' dir='ltr'>quod</span> 
     </span>
     <span class='ocr_line' id='line_1_8' title="bbox 94 1118 1249 1210; baseline 0.004 -16"><span class='ocrx_word' id='word_1_61' title='bbox 94 1137 131 1194; x_wconf 89' lang='lat' dir='ltr'>iis</span> <span class='ocrx_word' id='word_1_62' title='bbox 153 1118 340 1209; x_wconf 79' lang='lat' dir='ltr'>potissimum</span> <span class='ocrx_word' id='word_1_63' title='bbox 364 1136 520 1194; x_wconf 85' lang='lat' dir='ltr'>mulierum</span> <span class='ocrx_word' id='word_1_64' title='bbox 542 1136 740 1194; x_wconf 82' lang='lat' dir='ltr'>conditionem</span> <span class='ocrx_word' id='word_1_65' title='bbox 765 1135 960 1210; x_wconf 84' lang='lat' dir='ltr'>virtutemque</span> <span class='ocrx_word' id='word_1_66' title='bbox 984 1135 1078 1209; x_wconf 87' lang='lat' dir='ltr'>qualis</span> <span class='ocrx_word' id='word_1_67' title='bbox 1101 1137 1249 1210; x_wconf 86' lang='lat' dir='ltr'>eratapud</span> 
     </span>
     <span class='ocr_line' id='line_1_9' title="bbox 95 1228 1347 1310; baseline 0.001 -16"><span class='ocrx_word' id='word_1_68' title='bbox 95 1236 222 1295; x_wconf 86' lang='lat' dir='ltr'>Graecos</span> <span class='ocrx_word' id='word_1_69' title='bbox 245 1235 275 1292; x_wconf 91' lang='lat' dir='ltr'>in</span> <span class='ocrx_word' id='word_1_70' title='bbox 298 1228 449 1295; x_wconf 87' lang='lat' dir='ltr'>doctrinae</span> <span class='ocrx_word' id='word_1_71' title='bbox 472 1236 657 1310; x_wconf 84' lang='lat' dir='ltr'>exemplique</span> <span class='ocrx_word' id='word_1_72' title='bbox 681 1237 810 1310; x_wconf 88' lang='lat' dir='ltr'>speciem</span> <span class='ocrx_word' id='word_1_73' title='bbox 833 1239 873 1294; x_wconf 88' lang='lat' dir='ltr'>ab·</span> <span class='ocrx_word' id='word_1_74' title='bbox 884 1237 958 1310; x_wconf 91' lang='lat' dir='ltr'>ipsis</span> <span class='ocrx_word' id='word_1_75' title='bbox 974 1237 1092 1295; x_wconf 83' lang='lat' dir='ltr'>Graecis</span> <span class='ocrx_word' id='word_1_76' title='bbox 1104 1239 1250 1298; x_wconf 83' lang='lat' dir='ltr'>redactam</span> <span class='ocrx_word' id='word_1_77' title='bbox 1301 1243 1304 1246; x_wconf 70' lang='grc'><em>”</em></span> <span class='ocrx_word' id='word_1_78' title='bbox 1340 1296 1347 1308; x_wconf 74' lang='grc'>,</span> 
     </span>
     <span class='ocr_line' id='line_1_10' title="bbox 94 1335 421 1412; baseline -0.009 -17"><span class='ocrx_word' id='word_1_79' title='bbox 94 1337 228 1412; x_wconf 86' lang='lat' dir='ltr'>legimus.</span> <span class='ocrx_word' id='word_1_80' title='bbox 419 1335 421 1337; x_wconf 79' lang='grc'><strong>’</strong></span> 
     </span>
    </p>

    <p class='ocr_par' dir='ltr' id='par_1_3' title="bbox 89 1439 1250 2938">
     <span class='ocr_line' id='line_1_11' title="bbox 92 1439 1250 1516; baseline 0 -19"><span class='ocrx_word' id='word_1_81' title='bbox 92 1458 106 1473; x_wconf 60' lang='grc'>-’</span> <span class='ocrx_word' id='word_1_82' title='bbox 173 1439 308 1516; x_wconf 67' lang='lat' dir='ltr'>Politiois</span> <span class='ocrx_word' id='word_1_83' title='bbox 331 1439 378 1497; x_wconf 92' lang='lat' dir='ltr'>his</span> <span class='ocrx_word' id='word_1_84' title='bbox 401 1446 430 1498; x_wconf 86' lang='lat' dir='ltr'>ct</span> <span class='ocrx_word' id='word_1_85' title='bbox 453 1439 600 1499; x_wconf 78' lang='lat' dir='ltr'>historicis</span> <span class='ocrx_word' id='word_1_86' title='bbox 629 1458 665 1499; x_wconf 89' lang='lat' dir='ltr'>ex</span> <span class='ocrx_word' id='word_1_87' title='bbox 688 1442 803 1500; x_wconf 89' lang='lat' dir='ltr'>eodem</span> <span class='ocrx_word' id='word_1_88' title='bbox 820 1443 1025 1500; x_wconf 87' lang='lat' dir='ltr'>collectionum</span> <span class='ocrx_word' id='word_1_89' title='bbox 1048 1456 1156 1514; x_wconf 87' lang='lat' dir='ltr'>genere</span> <span class='ocrx_word' id='word_1_90' title='bbox 1178 1441 1250 1498; x_wconf 88' lang='lat' dir='ltr'>odii-</span> 
     </span>
     <span class='ocr_line' id='line_1_12' title="bbox 94 1539 1250 1616; baseline 0.004 -20"><span class='ocrx_word' id='word_1_91' title='bbox 94 1540 197 1597; x_wconf 89' lang='lat' dir='ltr'>cienda</span> <span class='ocrx_word' id='word_1_92' title='bbox 220 1549 289 1599; x_wconf 90' lang='lat' dir='ltr'>suut</span> <span class='ocrx_word' id='word_1_93' title='bbox 311 1539 386 1616; x_wconf 84' lang='lat' dir='ltr'>quae</span> <span class='ocrx_word' id='word_1_94' title='bbox 409 1542 446 1599; x_wconf 90' lang='lat' dir='ltr'>ad</span> <span class='ocrx_word' id='word_1_95' title='bbox 468 1542 622 1616; x_wconf 83' lang='lat' dir='ltr'>physicum</span> <span class='ocrx_word' id='word_1_96' title='bbox 647 1544 774 1601; x_wconf 87' lang='lat' dir='ltr'>maxime</span> <span class='ocrx_word' id='word_1_97' title='bbox 795 1550 997 1616; x_wconf 84' lang='lat' dir='ltr'>argumentum</span> <span class='ocrx_word' id='word_1_98' title='bbox 1020 1543 1167 1616; x_wconf 88' lang='lat' dir='ltr'>pertinent</span> <span class='ocrx_word' id='word_1_99' title='bbox 1182 1560 1250 1616; x_wconf 90' lang='lat' dir='ltr'>pro·</span> 
     </span>
     <span class='ocr_line' id='line_1_13' title="bbox 89 1634 1250 1719; baseline 0.004 -20"><span class='ocrx_word' id='word_1_100' title='bbox 89 1634 254 1700; x_wconf 86' lang='lat' dir='ltr'>hiematum</span> <span class='ocrx_word' id='word_1_101' title='bbox 281 1637 471 1701; x_wconf 86' lang='lat' dir='ltr'>collectiones</span> <span class='ocrx_word' id='word_1_102' title='bbox 503 1645 603 1716; x_wconf 87' lang='lat' dir='ltr'>plures</span> <span class='ocrx_word' id='word_1_103' title='bbox 637 1677 677 1684; x_wconf 86' lang='lat'>—</span> <span class='ocrx_word' id='word_1_104' title='bbox 705 1647 793 1704; x_wconf 80' lang='lat' dir='ltr'>rrrrrlta</span> <span class='ocrx_word' id='word_1_105' title='bbox 825 1645 902 1702; x_wconf 87' lang='lat' dir='ltr'>euim</span> <span class='ocrx_word' id='word_1_106' title='bbox 931 1656 1005 1718; x_wconf 81' lang='lat' dir='ltr'>quae</span> <span class='ocrx_word' id='word_1_107' title='bbox 1033 1661 1111 1704; x_wconf 90' lang='lat' dir='ltr'>nunc</span> <span class='ocrx_word' id='word_1_108' title='bbox 1138 1646 1250 1719; x_wconf 83' lang='lat' dir='ltr'>perdita</span> 
     </span>
     <span class='ocr_line' id='line_1_14' title="bbox 93 1745 1250 1822; baseline 0.003 -20"><span class='ocrx_word' id='word_1_109' title='bbox 93 1745 279 1818; x_wconf 85' lang='lat' dir='ltr'>problemata</span> <span class='ocrx_word' id='word_1_110' title='bbox 297 1745 424 1803; x_wconf 86' lang='lat' dir='ltr'>citantur</span> <span class='ocrx_word' id='word_1_111' title='bbox 446 1777 487 1786; x_wconf 87' lang='lat'>—-</span> <span class='ocrx_word' id='word_1_112' title='bbox 508 1746 589 1802; x_wconf 88' lang='lat' dir='ltr'>velut</span> <span class='ocrx_word' id='word_1_113' title='bbox 612 1762 687 1819; x_wconf 87' lang='lat' dir='ltr'>quae</span> <span class='ocrx_word' id='word_1_114' title='bbox 710 1755 828 1822; x_wconf 88' lang='lat' dir='ltr'>praeter</span> <span class='ocrx_word' id='word_1_115' title='bbox 842 1753 956 1804; x_wconf 88' lang='lat' dir='ltr'>servata</span> <span class='ocrx_word' id='word_1_116' title='bbox 972 1747 1008 1805; x_wconf 90' lang='lat' dir='ltr'>de</span> <span class='ocrx_word' id='word_1_117' title='bbox 1024 1747 1132 1820; x_wconf 83' lang='lat' dir='ltr'>quibus</span> <span class='ocrx_word' id='word_1_118' title='bbox 1147 1748 1250 1806; x_wconf 89' lang='lat' dir='ltr'>rectis-</span> 
     </span>
     <span class='ocr_line' id='line_1_15' title="bbox 93 1846 1248 1923; baseline 0.003 -19"><span class='ocrx_word' id='word_1_119' title='bbox 93 1846 199 1904; x_wconf 88' lang='lat' dir='ltr'>simum</span> <span class='ocrx_word' id='word_1_120' title='bbox 222 1847 279 1904; x_wconf 90' lang='lat' dir='ltr'>iam</span> <span class='ocrx_word' id='word_1_121' title='bbox 303 1847 357 1905; x_wconf 84' lang='lat' dir='ltr'>luit</span> <span class='ocrx_word' id='word_1_122' title='bbox 379 1846 504 1904; x_wconf 63' lang='lat' dir='ltr'>chrici‘</span> <span class='ocrx_word' id='word_1_123' title='bbox 519 1847 658 1920; x_wconf 75' lang='lat' dir='ltr'>Stephani</span> <span class='ocrx_word' id='word_1_124' title='bbox 682 1850 821 1909; x_wconf 80' lang='lat' dir='ltr'>iudicium</span> <span class='ocrx_word' id='word_1_125' title='bbox 847 1850 922 1921; x_wconf 87' lang='lat' dir='ltr'>(sec.</span> <span class='ocrx_word' id='word_1_126' title='bbox 947 1848 1082 1923; x_wconf 83' lang='lat' dir='ltr'>Sylburg.</span> <span class='ocrx_word' id='word_1_127' title='bbox 1106 1849 1195 1922; x_wconf 87' lang='lat' dir='ltr'>prael.</span> <span class='ocrx_word' id='word_1_128' title='bbox 1219 1849 1248 1907; x_wconf 90' lang='lat' dir='ltr'>iu</span> 
     </span>
     <span class='ocr_line' id='line_1_16' title="bbox 91 1932 1250 2022; baseline 0.004 -19"><span class='ocrx_word' id='word_1_129' title='bbox 91 1943 256 2020; x_wconf 80' lang='lat' dir='ltr'>Problem.)</span> <span class='ocrx_word' id='word_1_130' title='bbox 275 1944 319 2006; x_wconf 75' lang='lat'>38</span> <span class='ocrx_word' id='word_1_131' title='bbox 339 1948 423 2007; x_wconf 90' lang='lat' dir='ltr'>libris</span> <span class='ocrx_word' id='word_1_132' title='bbox 442 1948 559 2020; x_wconf 87' lang='lat' dir='ltr'>digesta</span> <span class='ocrx_word' id='word_1_133' title='bbox 580 1949 669 2020; x_wconf 88' lang='lat' dir='ltr'>(haec</span> <span class='ocrx_word' id='word_1_134' title='bbox 693 1951 769 2008; x_wconf 91' lang='lat' dir='ltr'>enim</span> <span class='ocrx_word' id='word_1_135' title='bbox 794 1958 863 2008; x_wconf 91' lang='lat' dir='ltr'>sunt</span> <span class='ocrx_word' id='word_1_136' title='bbox 879 1935 921 2007; x_wconf 67' lang='lat' dir='ltr'>⁴de</span> <span class='ocrx_word' id='word_1_137' title='bbox 937 1932 1045 2022; x_wconf 88' lang='lat' dir='ltr'>quibus</span> <span class='ocrx_word' id='word_1_138' title='bbox 1060 1951 1143 2008; x_wconf 85' lang='lat' dir='ltr'>multi</span> <span class='ocrx_word' id='word_1_139' title='bbox 1159 1952 1250 2010; x_wconf 82' lang='lat' dir='ltr'>mirlta</span> 
     </span>
     <span class='ocr_line' id='line_1_17' title="bbox 91 2029 1248 2134; baseline 0.007 -28"><span class='ocrx_word' id='word_1_140' title='bbox 91 2029 225 2107; x_wconf 74' lang='lat' dir='ltr'>hariolari</span> <span class='ocrx_word' id='word_1_141' title='bbox 248 2056 317 2107; x_wconf 89' lang='lat' dir='ltr'>sunt</span> <span class='ocrx_word' id='word_1_142' title='bbox 339 2050 478 2123; x_wconf 82' lang='lat' dir='ltr'>Diogenis</span> <span class='ocrx_word' id='word_1_143' title='bbox 499 2076 546 2092; x_wconf 41' lang='lat'>-*</span> <span class='ocrx_word' id='word_1_144' title='bbox 554 2046 583 2122; x_wconf 83' lang='lat'>5,</span> <span class='ocrx_word' id='word_1_145' title='bbox 597 2051 637 2109; x_wconf 87' lang='grc'>26</span> <span class='ocrx_word' id='word_1_146' title='bbox 654 2053 689 2108; x_wconf 89' lang='lat' dir='ltr'>cl.</span> <span class='ocrx_word' id='word_1_147' title='bbox 703 2051 756 2109; x_wconf 87' lang='lat' dir='ltr'>lln.</span> <span class='ocrx_word' id='word_1_148' title='bbox 769 2052 872 2110; x_wconf 87' lang='lat' dir='ltr'>-illa</span> <span class='ocrx_word' id='word_1_149' title='bbox 885 2045 1010 2132; x_wconf 76' lang='grc' dir='ltr'><strong><em>φυσικὰ</em></strong></span> <span class='ocrx_word' id='word_1_150' title='bbox 1034 2067 1075 2110; x_wconf 89' lang='lat' dir='ltr'>sc.</span> <span class='ocrx_word' id='word_1_151' title='bbox 1098 2042 1248 2134; x_wconf 81' lang='grc' dir='ltr'><strong><em>προβλή-</em></strong></span> 
     </span>
     <span class='ocr_line' id='line_1_18' title="bbox 89 2142 1249 2232; baseline 0.003 -24"><span class='ocrx_word' id='word_1_152' title='bbox 89 2167 180 2226; x_wconf 84' lang='grc' dir='ltr'><strong><em>ματα</em></strong></span> <span class='ocrx_word' id='word_1_153' title='bbox 202 2144 286 2209; x_wconf 78' lang='grc' dir='ltr'><strong><em>κατὰ</em></strong></span> <span class='ocrx_word' id='word_1_154' title='bbox 310 2151 471 2226; x_wconf 77' lang='grc' dir='ltr'><strong><em>στοιχεῖον</em></strong></span> <span class='ocrx_word' id='word_1_155' title='bbox 498 2142 562 2232; x_wconf 70' lang='grc' dir='ltr'><strong><em>λιβτ</em></strong></span> <span class='ocrx_word' id='word_1_156' title='bbox 586 2159 752 2210; x_wconf 88' lang='lat' dir='ltr'>ceterorum</span> <span class='ocrx_word' id='word_1_157' title='bbox 781 2153 860 2211; x_wconf 88' lang='lat' dir='ltr'>enim</span> <span class='ocrx_word' id='word_1_158' title='bbox 877 2152 947 2210; x_wconf 87' lang='lat' dir='ltr'>-lalsi</span> <span class='ocrx_word' id='word_1_159' title='bbox 979 2161 1048 2210; x_wconf 88' lang='lat' dir='ltr'>suot</span> <span class='ocrx_word' id='word_1_160' title='bbox 1070 2154 1184 2211; x_wconf 90' lang='lat' dir='ltr'>numeri</span> <span class='ocrx_word' id='word_1_161' title='bbox 1208 2151 1249 2213; x_wconf 78' lang='lat'>70</span> 
     </span>
     <span class='ocr_line' id='line_1_19' title="bbox 90 2240 1247 2327; baseline 0.003 -19"><span class='ocrx_word' id='word_1_162' title='bbox 90 2269 118 2309; x_wconf 88' lang='lat' dir='ltr'><strong>v.</strong></span> <span class='ocrx_word' id='word_1_163' title='bbox 135 2253 166 2309; x_wconf 89' lang='lat' dir='ltr'>N.</span> <span class='ocrx_word' id='word_1_164' title='bbox 191 2269 220 2325; x_wconf 89' lang='lat' dir='ltr'>p.</span> <span class='ocrx_word' id='word_1_165' title='bbox 237 2249 287 2323; x_wconf 86' lang='lat'>15,</span> <span class='ocrx_word' id='word_1_166' title='bbox 303 2250 352 2312; x_wconf 81' lang='lat'>28</span> <span class='ocrx_word' id='word_1_167' title='bbox 370 2254 504 2311; x_wconf 90' lang='lat' dir='ltr'>Dschem.</span> <span class='ocrx_word' id='word_1_168' title='bbox 529 2253 591 2309; x_wconf 89' lang='lat' dir='ltr'>sive</span> <span class='ocrx_word' id='word_1_169' title='bbox 604 2250 656 2311; x_wconf 82' lang='grc'>,68</span> <span class='ocrx_word' id='word_1_170' title='bbox 671 2242 707 2309; x_wconf 82' lang='grc' dir='ltr'>1ο</span> <span class='ocrx_word' id='word_1_171' title='bbox 728 2254 785 2311; x_wconf 90' lang='lat' dir='ltr'>alio</span> <span class='ocrx_word' id='word_1_172' title='bbox 801 2253 918 2325; x_wconf 87' lang='lat' dir='ltr'>codice)</span> <span class='ocrx_word' id='word_1_173' title='bbox 947 2251 1139 2311; x_wconf 87' lang='lat' dir='ltr'>recensentur</span> <span class='ocrx_word' id='word_1_174' title='bbox 1155 2240 1202 2327; x_wconf 89' lang='lat' dir='ltr'>(b.</span> <span class='ocrx_word' id='word_1_175' title='bbox 1216 2255 1247 2312; x_wconf 87' lang='lat' dir='ltr'>L.</span> 
     </span>
     <span class='ocr_line' id='line_1_20' title="bbox 91 2338 1249 2435; baseline 0.003 -24"><span class='ocrx_word' id='word_1_176' title='bbox 91 2355 109 2411; x_wconf 93' lang='lat' dir='ltr'>l.</span> <span class='ocrx_word' id='word_1_177' title='bbox 127 2357 174 2426; x_wconf 85' lang='grc' dir='ltr'>ο.)</span> <span class='ocrx_word' id='word_1_178' title='bbox 202 2347 452 2430; x_wconf 70' lang='grc' dir='ltr'><strong><em>ἐπιτεθεαμένα</em></strong></span> <span class='ocrx_word' id='word_1_179' title='bbox 478 2338 707 2435; x_wconf 73' lang='grc' dir='ltr'><em>προβλήματα</em></span> <span class='ocrx_word' id='word_1_180' title='bbox 727 2356 781 2426; x_wconf 85' lang='grc' dir='ltr'>(ΙΙ)</span> <span class='ocrx_word' id='word_1_181' title='bbox 809 2355 827 2410; x_wconf 86' lang='grc'>1.</span> <span class='ocrx_word' id='word_1_182' title='bbox 852 2370 877 2412; x_wconf 90' lang='lat' dir='ltr'>e.</span> <span class='ocrx_word' id='word_1_183' title='bbox 906 2361 939 2412; x_wconf 90' lang='lat' dir='ltr'>ut</span> <span class='ocrx_word' id='word_1_184' title='bbox 966 2354 1071 2427; x_wconf 91' lang='lat' dir='ltr'>opinor</span> <span class='ocrx_word' id='word_1_185' title='bbox 1099 2356 1194 2414; x_wconf 87' lang='lat' dir='ltr'>revisa</span> <span class='ocrx_word' id='word_1_186' title='bbox 1221 2366 1249 2414; x_wconf 91' lang='lat' dir='ltr'>et</span> 
     </span>
     <span class='ocr_line' id='line_1_21' title="bbox 92 2445 1249 2539; baseline 0.003 -26"><span class='ocrx_word' id='word_1_187' title='bbox 92 2464 222 2515; x_wconf 88' lang='lat' dir='ltr'>correcta</span> <span class='ocrx_word' id='word_1_188' title='bbox 245 2445 409 2528; x_wconf 72' lang='lat' dir='ltr'>(Polluisti,</span> <span class='ocrx_word' id='word_1_189' title='bbox 427 2451 517 2526; x_wconf 97' lang='grc'>115),</span> <span class='ocrx_word' id='word_1_190' title='bbox 538 2470 606 2539; x_wconf 76' lang='grc' dir='ltr'><strong><em>τοο</em></strong></span> <span class='ocrx_word' id='word_1_191' title='bbox 626 2471 701 2514; x_wconf 82' lang='lat' dir='ltr'>¹vero</span> <span class='ocrx_word' id='word_1_192' title='bbox 717 2463 763 2514; x_wconf 72' lang='lat' dir='ltr'>&#39;ut</span> <span class='ocrx_word' id='word_1_193' title='bbox 791 2457 876 2514; x_wconf 88' lang='lat' dir='ltr'>vertit</span> <span class='ocrx_word' id='word_1_194' title='bbox 895 2456 944 2514; x_wconf 91' lang='lat' dir='ltr'>vit.</span> <span class='ocrx_word' id='word_1_195' title='bbox 968 2456 1064 2513; x_wconf 87' lang='lat' dir='ltr'>Nunn.</span> <span class='ocrx_word' id='word_1_196' title='bbox 1089 2473 1115 2530; x_wconf 93' lang='lat' dir='ltr'>p.</span> <span class='ocrx_word' id='word_1_197' title='bbox 1134 2455 1174 2516; x_wconf 91' lang='grc'>15</span> <span class='ocrx_word' id='word_1_198' title='bbox 1198 2458 1249 2516; x_wconf 86' lang='lat' dir='ltr'>ad-</span> 
     </span>
     <span class='ocr_line' id='line_1_22' title="bbox 91 2546 1248 2638; baseline 0.003 -23"><span class='ocrx_word' id='word_1_199' title='bbox 91 2558 234 2631; x_wconf 73' lang='lat' dir='ltr'>spectus,</span> <span class='ocrx_word' id='word_1_200' title='bbox 262 2549 415 2638; x_wconf 74' lang='grc' dir='ltr'><strong><em>ἐγκύκλια</em></strong></span> <span class='ocrx_word' id='word_1_201' title='bbox 441 2546 664 2638; x_wconf 78' lang='grc' dir='ltr'><strong><em>προβλήματα</em></strong></span> <span class='ocrx_word' id='word_1_202' title='bbox 687 2559 740 2630; x_wconf 86' lang='grc'>(11)</span> <span class='ocrx_word' id='word_1_203' title='bbox 769 2561 806 2616; x_wconf 88' lang='lat' dir='ltr'>de</span> <span class='ocrx_word' id='word_1_204' title='bbox 833 2558 1055 2631; x_wconf 81' lang='lat' dir='ltr'>quaestionibus</span> <span class='ocrx_word' id='word_1_205' title='bbox 1078 2561 1248 2632; x_wconf 81' lang='lat' dir='ltr'>vulgaribus</span> 
     </span>
     <span class='ocr_line' id='line_1_23' title="bbox 91 2650 1248 2732; baseline 0.001 -15"><span class='ocrx_word' id='word_1_206' title='bbox 91 2659 144 2729; x_wconf 84' lang='lat' dir='ltr'>„in</span> <span class='ocrx_word' id='word_1_207' title='bbox 166 2667 390 2732; x_wconf 88' lang='lat' dir='ltr'>praeceptorum</span> <span class='ocrx_word' id='word_1_208' title='bbox 414 2659 517 2716; x_wconf 86' lang='lat' dir='ltr'>usum’&#39;</span> <span class='ocrx_word' id='word_1_209' title='bbox 540 2650 691 2730; x_wconf 82' lang='lat' dir='ltr'>(Dschem.</span> <span class='ocrx_word' id='word_1_210' title='bbox 716 2675 761 2732; x_wconf 88' lang='lat' dir='ltr'>ap.</span> <span class='ocrx_word' id='word_1_211' title='bbox 786 2661 884 2718; x_wconf 83' lang='lat' dir='ltr'>Wenr.</span> <span class='ocrx_word' id='word_1_212' title='bbox 902 2657 979 2731; x_wconf 83' lang='lat'>153)</span> <span class='ocrx_word' id='word_1_213' title='bbox 1003 2661 1081 2717; x_wconf 90' lang='lat' dir='ltr'>unde</span> <span class='ocrx_word' id='word_1_214' title='bbox 1097 2662 1248 2732; x_wconf 89' lang='lat' dir='ltr'>problema</span> 
     </span>
     <span class='ocr_line' id='line_1_24' title="bbox 91 2751 1246 2844; baseline 0.002 -26"><span class='ocrx_word' id='word_1_215' title='bbox 91 2761 128 2818; x_wconf 86' lang='lat' dir='ltr'>de</span> <span class='ocrx_word' id='word_1_216' title='bbox 150 2761 327 2819; x_wconf 86' lang='lat' dir='ltr'>histrionum</span> <span class='ocrx_word' id='word_1_217' title='bbox 350 2759 468 2816; x_wconf 82' lang='lat' dir='ltr'>infamia</span> <span class='ocrx_word' id='word_1_218' title='bbox 491 2776 536 2832; x_wconf 92' lang='lat' dir='ltr'>ap.</span> <span class='ocrx_word' id='word_1_219' title='bbox 561 2760 633 2818; x_wconf 88' lang='lat' dir='ltr'>Geli.</span> <span class='ocrx_word' id='word_1_220' title='bbox 650 2760 701 2833; x_wconf 88' lang='lat'>20,</span> <span class='ocrx_word' id='word_1_221' title='bbox 717 2761 748 2829; x_wconf 88' lang='grc'>4,</span> <span class='ocrx_word' id='word_1_222' title='bbox 774 2754 936 2842; x_wconf 74' lang='grc' dir='ltr'><strong><em>μηχανικὰ</em></strong></span> <span class='ocrx_word' id='word_1_223' title='bbox 959 2751 1182 2844; x_wconf 76' lang='grc' dir='ltr'><strong><em>προβλήματα</em></strong></span> <span class='ocrx_word' id='word_1_224' title='bbox 1205 2764 1246 2836; x_wconf 88' lang='grc' dir='ltr'>(Ι)</span> 
     </span>
     <span class='ocr_line' id='line_1_25' title="bbox 89 2855 1247 2938; baseline 0.004 -21"><span class='ocrx_word' id='word_1_225' title='bbox 89 2861 126 2918; x_wconf 86' lang='grc' dir='ltr'>ε1.</span> <span class='ocrx_word' id='word_1_226' title='bbox 151 2860 237 2918; x_wconf 86' lang='lat' dir='ltr'>Arist.</span> <span class='ocrx_word' id='word_1_227' title='bbox 261 2864 355 2919; x_wconf 90' lang='lat' dir='ltr'>mech.</span> <span class='ocrx_word' id='word_1_228' title='bbox 372 2859 446 2932; x_wconf 83' lang='grc'>847,</span> <span class='ocrx_word' id='word_1_229' title='bbox 462 2858 591 2920; x_wconf 82' lang='lat'><strong>23-—28</strong></span> <span class='ocrx_word' id='word_1_230' title='bbox 613 2878 688 2936; x_wconf 89' lang='lat' dir='ltr'>quae</span> <span class='ocrx_word' id='word_1_231' title='bbox 712 2863 741 2920; x_wconf 88' lang='lat' dir='ltr'>in</span> <span class='ocrx_word' id='word_1_232' title='bbox 764 2866 820 2922; x_wconf 93' lang='lat' dir='ltr'>hoc</span> <span class='ocrx_word' id='word_1_233' title='bbox 842 2881 859 2922; x_wconf 87' lang='lat' dir='ltr'>a</span> <span class='ocrx_word' id='word_1_234' title='bbox 882 2855 987 2921; x_wconf 82' lang='lat' dir='ltr'>ceteris</span> <span class='ocrx_word' id='word_1_235' title='bbox 1011 2866 1153 2923; x_wconf 86' lang='lat' dir='ltr'>recedunt</span> <span class='ocrx_word' id='word_1_236' title='bbox 1167 2866 1247 2938; x_wconf 85' lang='lat' dir='ltr'>quod</span> 
     </span>
    </p>
   </div>
   <div class='ocr_carea' id='block_1_3' title="bbox 91 2961 1366 3040">
    <p class='ocr_par' dir='ltr' id='par_1_4' title="bbox 91 2961 1366 3040">
     <span class='ocr_line' id='line_1_26' title="bbox 91 2961 1366 3040; baseline 0.004 -20"><span class='ocrx_word' id='word_1_237' title='bbox 91 2971 121 3020; x_wconf 89' lang='lat' dir='ltr'>et</span> <span class='ocrx_word' id='word_1_238' title='bbox 146 2961 227 3020; x_wconf 87' lang='lat' dir='ltr'>brevi</span> <span class='ocrx_word' id='word_1_239' title='bbox 254 2962 406 3036; x_wconf 89' lang='lat' dir='ltr'>prooemio</span> <span class='ocrx_word' id='word_1_240' title='bbox 435 2965 576 3021; x_wconf 88' lang='lat' dir='ltr'>instructa</span> <span class='ocrx_word' id='word_1_241' title='bbox 609 2972 638 3022; x_wconf 93' lang='lat' dir='ltr'>et</span> <span class='ocrx_word' id='word_1_242' title='bbox 663 2964 792 3023; x_wconf 89' lang='lat' dir='ltr'>uberiori</span> <span class='ocrx_word' id='word_1_243' title='bbox 819 2964 924 3039; x_wconf 86' lang='lat' dir='ltr'>partim</span> <span class='ocrx_word' id='word_1_244' title='bbox 951 2980 1089 3023; x_wconf 90' lang='lat' dir='ltr'>sermone</span> <span class='ocrx_word' id='word_1_245' title='bbox 1115 2967 1247 3040; x_wconf 89' lang='lat' dir='ltr'>exposita</span> <span class='ocrx_word' id='word_1_246' title='bbox 1364 2976 1366 2981; x_wconf 82' lang='grc'><em>“</em></span> 
     </span>
    </p>
   </div>
   <div class='ocr_carea' id='block_1_4' title="bbox 8 3065 1297 4462">
    <p class='ocr_par' dir='ltr' id='par_1_5' title="bbox 8 3065 1297 4462">
     <span class='ocr_line' id='line_1_27' title="bbox 92 3065 1247 3141; baseline 0.004 -19"><span class='ocrx_word' id='word_1_247' title='bbox 92 3070 170 3135; x_wconf 81' lang='lat' dir='ltr'>sirm,</span> <span class='ocrx_word' id='word_1_248' title='bbox 195 3073 368 3136; x_wconf 89' lang='lat' dir='ltr'>argumento</span> <span class='ocrx_word' id='word_1_249' title='bbox 390 3073 488 3124; x_wconf 89' lang='lat' dir='ltr'>tamen</span> <span class='ocrx_word' id='word_1_250' title='bbox 511 3067 548 3124; x_wconf 89' lang='lat' dir='ltr'>ad</span> <span class='ocrx_word' id='word_1_251' title='bbox 571 3066 780 3140; x_wconf 90' lang='lat' dir='ltr'>philosophum</span> <span class='ocrx_word' id='word_1_252' title='bbox 804 3065 890 3125; x_wconf 85' lang='lat' dir='ltr'>nihil</span> <span class='ocrx_word' id='word_1_253' title='bbox 904 3067 1028 3125; x_wconf 79' lang='lat' dir='ltr'>laciante</span> <span class='ocrx_word' id='word_1_254' title='bbox 1050 3083 1143 3141; x_wconf 84' lang='lat' dir='ltr'>aeque</span> <span class='ocrx_word' id='word_1_255' title='bbox 1166 3070 1247 3127; x_wconf 82' lang='lat' dir='ltr'>dam-</span> 
     </span>
     <span class='ocr_line' id='line_1_28' title="bbox 92 3157 1245 3251; baseline 0.005 -29"><span class='ocrx_word' id='word_1_256' title='bbox 92 3173 213 3236; x_wconf 81' lang='lat' dir='ltr'>nantur,</span> <span class='ocrx_word' id='word_1_257' title='bbox 237 3157 459 3249; x_wconf 79' lang='grc' dir='ltr'><strong><em>προβλήματα</em></strong></span> <span class='ocrx_word' id='word_1_258' title='bbox 481 3160 707 3251; x_wconf 83' lang='grc' dir='ltr'><strong><em>Δήμοκρίτεια</em></strong></span> <span class='ocrx_word' id='word_1_259' title='bbox 729 3173 753 3228; x_wconf 94' lang='lat' dir='ltr'>ll</span> <span class='ocrx_word' id='word_1_260' title='bbox 780 3159 929 3248; x_wconf 81' lang='grc' dir='ltr'><strong><em>(ἰατρικὰ</em></strong></span> <span class='ocrx_word' id='word_1_261' title='bbox 952 3158 1174 3250; x_wconf 87' lang='grc' dir='ltr'><strong><em>προβλήματα</em></strong></span> <span class='ocrx_word' id='word_1_262' title='bbox 1197 3171 1245 3229; x_wconf 87' lang='lat' dir='ltr'>vit.</span> 
     </span>
     <span class='ocr_line' id='line_1_29' title="bbox 91 3265 1244 3346; baseline 0.003 -21"><span class='ocrx_word' id='word_1_263' title='bbox 91 3267 186 3326; x_wconf 85' lang='lat' dir='ltr'>Nunn.</span> <span class='ocrx_word' id='word_1_264' title='bbox 205 3265 254 3327; x_wconf 90' lang='grc'>15.</span> <span class='ocrx_word' id='word_1_265' title='bbox 279 3271 376 3328; x_wconf 88' lang='lat' dir='ltr'>Wenr.</span> <span class='ocrx_word' id='word_1_266' title='bbox 394 3269 470 3343; x_wconf 88' lang='grc'>154,</span> <span class='ocrx_word' id='word_1_267' title='bbox 499 3274 535 3330; x_wconf 88' lang='lat' dir='ltr'>de</span> <span class='ocrx_word' id='word_1_268' title='bbox 562 3268 672 3346; x_wconf 68' lang='lat' dir='ltr'>ouibus</span> <span class='ocrx_word' id='word_1_269' title='bbox 699 3274 800 3344; x_wconf 83' lang='lat' dir='ltr'>inira).</span> <span class='ocrx_word' id='word_1_270' title='bbox 847 3270 888 3328; x_wconf 86' lang='lat' dir='ltr'>ct</span> <span class='ocrx_word' id='word_1_271' title='bbox 912 3271 1130 3343; x_wconf 83' lang='lat' dir='ltr'>l&#39;heophrastea</span> <span class='ocrx_word' id='word_1_272' title='bbox 1158 3273 1189 3327; x_wconf 89' lang='lat' dir='ltr'>b.</span> <span class='ocrx_word' id='word_1_273' title='bbox 1213 3274 1244 3328; x_wconf 92' lang='lat' dir='ltr'>L.</span> 
     </span>
     <span class='ocr_line' id='line_1_30' title="bbox 91 3367 1245 3443; baseline -0.001 -15"><span class='ocrx_word' id='word_1_274' title='bbox 91 3367 120 3441; x_wconf 84' lang='lat'>5,</span> <span class='ocrx_word' id='word_1_275' title='bbox 137 3368 187 3428; x_wconf 89' lang='grc'>45.</span> <span class='ocrx_word' id='word_1_276' title='bbox 234 3371 426 3432; x_wconf 79' lang='lat' dir='ltr'>Problematis</span> <span class='ocrx_word' id='word_1_277' title='bbox 460 3374 572 3433; x_wconf 89' lang='lat' dir='ltr'>similes</span> <span class='ocrx_word' id='word_1_278' title='bbox 606 3382 675 3432; x_wconf 92' lang='lat' dir='ltr'>sunt</span> <span class='ocrx_word' id='word_1_279' title='bbox 702 3390 801 3433; x_wconf 89' lang='lat' dir='ltr'>rerum</span> <span class='ocrx_word' id='word_1_280' title='bbox 829 3371 990 3443; x_wconf 84' lang='lat' dir='ltr'>logicorum</span> <span class='ocrx_word' id='word_1_281' title='bbox 1022 3373 1090 3428; x_wconf 87' lang='lat' dir='ltr'>illae</span> <span class='ocrx_word' id='word_1_282' title='bbox 1115 3371 1145 3427; x_wconf 92' lang='lat' dir='ltr'>in</span> <span class='ocrx_word' id='word_1_283' title='bbox 1172 3386 1245 3427; x_wconf 87' lang='lat' dir='ltr'>usus</span> 
     </span>
     <span class='ocr_line' id='line_1_31' title="bbox 91 3466 1247 3551; baseline 0 -21"><span class='ocrx_word' id='word_1_284' title='bbox 91 3466 258 3530; x_wconf 82' lang='lat' dir='ltr'>dialecticos</span> <span class='ocrx_word' id='word_1_285' title='bbox 283 3471 331 3547; x_wconf 87' lang='lat' dir='ltr'>(cl.</span> <span class='ocrx_word' id='word_1_286' title='bbox 349 3474 394 3530; x_wconf 83' lang='lat' dir='ltr'>Ar.</span> <span class='ocrx_word' id='word_1_287' title='bbox 411 3476 481 3548; x_wconf 87' lang='lat' dir='ltr'>Top.</span> <span class='ocrx_word' id='word_1_288' title='bbox 499 3472 571 3545; x_wconf 89' lang='grc'>105,</span> <span class='ocrx_word' id='word_1_289' title='bbox 588 3474 642 3551; x_wconf 89' lang='grc'>21)</span> <span class='ocrx_word' id='word_1_290' title='bbox 666 3492 702 3533; x_wconf 91' lang='lat' dir='ltr'>ex</span> <span class='ocrx_word' id='word_1_291' title='bbox 724 3472 891 3532; x_wconf 85' lang='lat' dir='ltr'>Aristotelis</span> <span class='ocrx_word' id='word_1_292' title='bbox 911 3471 994 3528; x_wconf 90' lang='lat' dir='ltr'>libris</span> <span class='ocrx_word' id='word_1_293' title='bbox 1017 3473 1108 3530; x_wconf 87' lang='lat' dir='ltr'>factae</span> <span class='ocrx_word' id='word_1_294' title='bbox 1130 3479 1247 3530; x_wconf 88' lang='lat' dir='ltr'>auctae-</span> 
     </span>
     <span class='ocr_line' id='line_1_32' title="bbox 91 3572 1246 3651; baseline 0.001 -19"><span class='ocrx_word' id='word_1_295' title='bbox 91 3589 149 3647; x_wconf 85' lang='lat' dir='ltr'>que</span> <span class='ocrx_word' id='word_1_296' title='bbox 163 3574 328 3645; x_wconf 88' lang='lat' dir='ltr'>·ipsiusque</span> <span class='ocrx_word' id='word_1_297' title='bbox 356 3574 455 3631; x_wconf 88' lang='lat' dir='ltr'>verbis</span> <span class='ocrx_word' id='word_1_298' title='bbox 483 3576 564 3649; x_wconf 78' lang='lat' dir='ltr'>(Tap.</span> <span class='ocrx_word' id='word_1_299' title='bbox 581 3573 610 3646; x_wconf 85' lang='grc'>1.,</span> <span class='ocrx_word' id='word_1_300' title='bbox 628 3573 677 3634; x_wconf 90' lang='grc'>13.</span> <span class='ocrx_word' id='word_1_301' title='bbox 694 3574 748 3651; x_wconf 91' lang='grc'>14)</span> <span class='ocrx_word' id='word_1_302' title='bbox 780 3572 921 3634; x_wconf 85' lang='lat' dir='ltr'>excitatae</span> <span class='ocrx_word' id='word_1_303' title='bbox 954 3573 1147 3633; x_wconf 84' lang='lat' dir='ltr'>collectiones</span> <span class='ocrx_word' id='word_1_304' title='bbox 1171 3587 1246 3648; x_wconf 78' lang='lat' dir='ltr'>quac</span> 
     </span>
     <span class='ocr_line' id='line_1_33' title="bbox 91 3666 1246 3753; baseline 0.001 -19"><span class='ocrx_word' id='word_1_305' title='bbox 91 3676 154 3734; x_wconf 83' lang='lat' dir='ltr'>sire</span> <span class='ocrx_word' id='word_1_306' title='bbox 187 3666 303 3746; x_wconf 64' lang='grc' dir='ltr'><strong><em>θέσεις</em></strong></span> <span class='ocrx_word' id='word_1_307' title='bbox 335 3673 537 3733; x_wconf 87' lang='lat' dir='ltr'>inscribuntur</span> <span class='ocrx_word' id='word_1_308' title='bbox 563 3675 621 3753; x_wconf 66' lang='lat' dir='ltr'>(cf.x</span> <span class='ocrx_word' id='word_1_309' title='bbox 635 3677 683 3735; x_wconf 82' lang='lat' dir='ltr'>Ar.</span> <span class='ocrx_word' id='word_1_310' title='bbox 708 3680 779 3750; x_wconf 88' lang='lat' dir='ltr'>Top.</span> <span class='ocrx_word' id='word_1_311' title='bbox 801 3673 830 3747; x_wconf 93' lang='grc'>1,</span> <span class='ocrx_word' id='word_1_312' title='bbox 847 3671 986 3747; x_wconf 90' lang='grc'>10-11.)</span> <span class='ocrx_word' id='word_1_313' title='bbox 1020 3676 1067 3733; x_wconf 84' lang='lat' dir='ltr'>de</span> <span class='ocrx_word' id='word_1_314' title='bbox 1087 3675 1190 3734; x_wconf 91' lang='lat' dir='ltr'>ethicis</span> <span class='ocrx_word' id='word_1_315' title='bbox 1217 3686 1246 3736; x_wconf 91' lang='lat' dir='ltr'>et</span> 
     </span>
     <span class='ocr_line' id='line_1_34' title="bbox 91 3768 1245 3856; baseline 0.001 -20"><span class='ocrx_word' id='word_1_316' title='bbox 91 3777 231 3850; x_wconf 85' lang='lat' dir='ltr'>politicis,</span> <span class='ocrx_word' id='word_1_317' title='bbox 267 3778 304 3834; x_wconf 89' lang='lat' dir='ltr'>de</span> <span class='ocrx_word' id='word_1_318' title='bbox 327 3776 458 3850; x_wconf 88' lang='lat' dir='ltr'>physicis</span> <span class='ocrx_word' id='word_1_319' title='bbox 487 3786 516 3836; x_wconf 89' lang='lat' dir='ltr'>et</span> <span class='ocrx_word' id='word_1_320' title='bbox 541 3779 644 3852; x_wconf 88' lang='lat' dir='ltr'>logicis</span> <span class='ocrx_word' id='word_1_321' title='bbox 672 3785 791 3851; x_wconf 87' lang='lat' dir='ltr'>agentes</span> <span class='ocrx_word' id='word_1_322' title='bbox 819 3768 912 3856; x_wconf 77' lang='lat' dir='ltr'>(qu</span> <span class='ocrx_word' id='word_1_323' title='bbox 930 3772 959 3847; x_wconf 88' lang='grc'>5,</span> <span class='ocrx_word' id='word_1_324' title='bbox 976 3775 1026 3833; x_wconf 87' lang='grc'>24.</span> <span class='ocrx_word' id='word_1_325' title='bbox 1050 3778 1086 3834; x_wconf 85' lang='lat' dir='ltr'>cf.</span> <span class='ocrx_word' id='word_1_326' title='bbox 1110 3777 1190 3836; x_wconf 84' lang='lat' dir='ltr'>Alex.</span> <span class='ocrx_word' id='word_1_327' title='bbox 1215 3779 1245 3837; x_wconf 91' lang='lat' dir='ltr'>in</span> 
     </span>
     <span class='ocr_line' id='line_1_35' title="bbox 8 3868 1246 3962; baseline 0.005 -25"><span class='ocrx_word' id='word_1_328' title='bbox 8 3871 10 3874; x_wconf 64' lang='grc'>’</span> <span class='ocrx_word' id='word_1_329' title='bbox 37 3868 39 3875; x_wconf 73' lang='grc'><strong>’</strong></span> <span class='ocrx_word' id='word_1_330' title='bbox 58 3943 59 3946; x_wconf 11' lang='lat'>¹</span> <span class='ocrx_word' id='word_1_331' title='bbox 91 3879 163 3952; x_wconf 81' lang='lat' dir='ltr'>Tap.</span> <span class='ocrx_word' id='word_1_332' title='bbox 184 3895 214 3953; x_wconf 73' lang='lat' dir='ltr'>p.</span> <span class='ocrx_word' id='word_1_333' title='bbox 230 3876 295 3957; x_wconf 88' lang='grc'>45),</span> <span class='ocrx_word' id='word_1_334' title='bbox 320 3877 381 3936; x_wconf 88' lang='lat' dir='ltr'>sive</span> <span class='ocrx_word' id='word_1_335' title='bbox 405 3881 484 3952; x_wconf 87' lang='lat' dir='ltr'>quod</span> <span class='ocrx_word' id='word_1_336' title='bbox 507 3880 585 3938; x_wconf 88' lang='lat' dir='ltr'>idem</span> <span class='ocrx_word' id='word_1_337' title='bbox 601 3881 663 3938; x_wconf 89' lang='lat' dir='ltr'>lere</span> <span class='ocrx_word' id='word_1_338' title='bbox 676 3878 735 3957; x_wconf 80' lang='lat' dir='ltr'><strong>(Ar.</strong></span> <span class='ocrx_word' id='word_1_339' title='bbox 751 3881 821 3952; x_wconf 91' lang='lat' dir='ltr'>Top.</span> <span class='ocrx_word' id='word_1_340' title='bbox 839 3877 868 3952; x_wconf 88' lang='grc'>1,</span> <span class='ocrx_word' id='word_1_341' title='bbox 884 3879 913 3936; x_wconf 93' lang='grc'>4.</span> <span class='ocrx_word' id='word_1_342' title='bbox 932 3877 1048 3957; x_wconf 88' lang='grc'>1014)</span> <span class='ocrx_word' id='word_1_343' title='bbox 1064 3871 1246 3962; x_wconf 78' lang='grc' dir='ltr'><strong><em>προτάσεις</em></strong></span> 
     </span>
     <span class='ocr_line' id='line_1_36' title="bbox 91 3967 1245 4062; baseline 0.006 -25"><span class='ocrx_word' id='word_1_344' title='bbox 91 3977 136 4054; x_wconf 75' lang='lat' dir='ltr'><strong>(D.</strong></span> <span class='ocrx_word' id='word_1_345' title='bbox 152 3981 184 4038; x_wconf 87' lang='lat' dir='ltr'>L.</span> <span class='ocrx_word' id='word_1_346' title='bbox 202 3977 230 4051; x_wconf 89' lang='grc'>5,</span> <span class='ocrx_word' id='word_1_347' title='bbox 247 3978 298 4039; x_wconf 80' lang='grc'>23.</span> <span class='ocrx_word' id='word_1_348' title='bbox 315 3979 365 4038; x_wconf 89' lang='grc'>24.</span> <span class='ocrx_word' id='word_1_349' title='bbox 389 3967 523 4039; x_wconf 83' lang='lat' dir='ltr'>Dschem.</span> <span class='ocrx_word' id='word_1_350' title='bbox 548 3983 592 4040; x_wconf 88' lang='lat' dir='ltr'>W.</span> <span class='ocrx_word' id='word_1_351' title='bbox 610 3979 672 4042; x_wconf 89' lang='grc'>155</span> <span class='ocrx_word' id='word_1_352' title='bbox 686 3999 729 4056; x_wconf 86' lang='lat' dir='ltr'>sq.</span> <span class='ocrx_word' id='word_1_353' title='bbox 754 3982 789 4040; x_wconf 90' lang='lat' dir='ltr'>cl.</span> <span class='ocrx_word' id='word_1_354' title='bbox 803 3983 948 4054; x_wconf 79' lang='lat' dir='ltr'>l&#39;heophr.</span> <span class='ocrx_word' id='word_1_355' title='bbox 973 3983 1004 4039; x_wconf 87' lang='lat' dir='ltr'>b.</span> <span class='ocrx_word' id='word_1_356' title='bbox 1021 3983 1053 4040; x_wconf 93' lang='lat' dir='ltr'>L.</span> <span class='ocrx_word' id='word_1_357' title='bbox 1070 3980 1099 4054; x_wconf 88' lang='grc'>5,</span> <span class='ocrx_word' id='word_1_358' title='bbox 1111 3983 1165 4062; x_wconf 86' lang='grc'>45)</span> <span class='ocrx_word' id='word_1_359' title='bbox 1183 3987 1245 4044; x_wconf 88' lang='lat' dir='ltr'>sive</span> 
     </span>
     <span class='ocr_line' id='line_1_37' title="bbox 18 4071 1242 4160; baseline 0.002 -19"><span class='ocrx_word' id='word_1_360' title='bbox 18 4100 20 4105; x_wconf 72' lang='grc'>’</span> <span class='ocrx_word' id='word_1_361' title='bbox 89 4071 260 4154; x_wconf 76' lang='grc' dir='ltr'><strong><em>ἐνστάσεις</em></strong></span> <span class='ocrx_word' id='word_1_362' title='bbox 283 4080 327 4157; x_wconf 85' lang='lat' dir='ltr'>(lt.</span> <span class='ocrx_word' id='word_1_363' title='bbox 344 4083 376 4139; x_wconf 91' lang='lat' dir='ltr'><strong>L.</strong></span> <span class='ocrx_word' id='word_1_364' title='bbox 393 4080 422 4152; x_wconf 88' lang='grc'>5,</span> <span class='ocrx_word' id='word_1_365' title='bbox 440 4080 490 4142; x_wconf 82' lang='lat'><strong>23.</strong></span> <span class='ocrx_word' id='word_1_366' title='bbox 515 4085 550 4142; x_wconf 83' lang='lat' dir='ltr'>cf.</span> <span class='ocrx_word' id='word_1_367' title='bbox 573 4085 642 4157; x_wconf 89' lang='lat' dir='ltr'>Top.</span> <span class='ocrx_word' id='word_1_368' title='bbox 659 4083 689 4156; x_wconf 88' lang='lat'>2,</span> <span class='ocrx_word' id='word_1_369' title='bbox 706 4084 735 4142; x_wconf 90' lang='grc'>2.</span> <span class='ocrx_word' id='word_1_370' title='bbox 760 4081 898 4156; x_wconf 90' lang='grc'>11.0,11.</span> <span class='ocrx_word' id='word_1_371' title='bbox 923 4085 992 4156; x_wconf 86' lang='lat' dir='ltr'>Tap.</span> <span class='ocrx_word' id='word_1_372' title='bbox 1005 4081 1036 4155; x_wconf 81' lang='grc'>8,</span> <span class='ocrx_word' id='word_1_373' title='bbox 1053 4083 1103 4147; x_wconf 90' lang='grc'>10.</span> <span class='ocrx_word' id='word_1_374' title='bbox 1129 4087 1182 4145; x_wconf 86' lang='lat' dir='ltr'>An.</span> <span class='ocrx_word' id='word_1_375' title='bbox 1199 4103 1242 4160; x_wconf 90' lang='lat' dir='ltr'>pr.</span> 
     </span>
     <span class='ocr_line' id='line_1_38' title="bbox 84 4175 1297 4267; baseline 0.005 -27"><span class='ocrx_word' id='word_1_376' title='bbox 84 4180 120 4254; x_wconf 84' lang='lat'>2,</span> <span class='ocrx_word' id='word_1_377' title='bbox 137 4182 187 4242; x_wconf 87' lang='grc'>26.</span> <span class='ocrx_word' id='word_1_378' title='bbox 211 4185 355 4257; x_wconf 88' lang='lat' dir='ltr'>Theophr.</span> <span class='ocrx_word' id='word_1_379' title='bbox 377 4185 409 4241; x_wconf 88' lang='lat' dir='ltr'>D.</span> <span class='ocrx_word' id='word_1_380' title='bbox 430 4185 462 4243; x_wconf 93' lang='lat' dir='ltr'><strong>L.</strong></span> <span class='ocrx_word' id='word_1_381' title='bbox 487 4183 515 4258; x_wconf 90' lang='grc'>5,</span> <span class='ocrx_word' id='word_1_382' title='bbox 537 4183 591 4263; x_wconf 84' lang='grc'>43)</span> <span class='ocrx_word' id='word_1_383' title='bbox 626 4194 654 4244; x_wconf 88' lang='lat' dir='ltr'>et</span> <span class='ocrx_word' id='word_1_384' title='bbox 690 4175 940 4267; x_wconf 80' lang='grc' dir='ltr'><strong><em>ἐπιχειρήματα,</em></strong></span> <span class='ocrx_word' id='word_1_385' title='bbox 962 4183 1011 4260; x_wconf 82' lang='lat' dir='ltr'>(cf.</span> <span class='ocrx_word' id='word_1_386' title='bbox 1035 4187 1068 4243; x_wconf 88' lang='lat' dir='ltr'>b.</span> <span class='ocrx_word' id='word_1_387' title='bbox 1088 4189 1119 4245; x_wconf 91' lang='lat' dir='ltr'><strong>L.</strong></span> <span class='ocrx_word' id='word_1_388' title='bbox 1141 4187 1170 4259; x_wconf 93' lang='grc'>5,</span> <span class='ocrx_word' id='word_1_389' title='bbox 1192 4189 1241 4246; x_wconf 88' lang='grc'>24.</span> <span class='ocrx_word' id='word_1_390' title='bbox 1296 4258 1297 4261; x_wconf 10' lang='lat'>¹</span> 
     </span>
     <span class='ocr_line' id='line_1_39' title="bbox 90 4275 1244 4370; baseline 0.007 -29"><span class='ocrx_word' id='word_1_391' title='bbox 90 4284 225 4344; x_wconf 85' lang='lat' dir='ltr'>Dschem.</span> <span class='ocrx_word' id='word_1_392' title='bbox 252 4287 294 4342; x_wconf 90' lang='lat' dir='ltr'><strong>W.</strong></span> <span class='ocrx_word' id='word_1_393' title='bbox 313 4281 383 4343; x_wconf 87' lang='lat'><strong>152.</strong></span> <span class='ocrx_word' id='word_1_394' title='bbox 418 4275 452 4347; x_wconf 79' lang='grc' dir='ltr'>ἒν</span> <span class='ocrx_word' id='word_1_395' title='bbox 478 4284 525 4369; x_wconf 74' lang='grc' dir='ltr'><strong><em>τῷ</em></strong></span> <span class='ocrx_word' id='word_1_396' title='bbox 553 4279 696 4370; x_wconf 78' lang='grc' dir='ltr'><strong><em>δευτέρῳ</em></strong></span> <span class='ocrx_word' id='word_1_397' title='bbox 721 4284 787 4346; x_wconf 81' lang='grc' dir='ltr'><strong><em>τῶν</em></strong></span> <span class='ocrx_word' id='word_1_398' title='bbox 815 4281 956 4367; x_wconf 77' lang='grc' dir='ltr'><strong><em>λογικῶν</em></strong></span> <span class='ocrx_word' id='word_1_399' title='bbox 981 4277 1244 4370; x_wconf 77' lang='grc' dir='ltr'><strong><em>ἐπιχειρημάτων</em></strong></span> 
     </span>
     <span class='ocr_line' id='line_1_40' title="bbox 91 4383 1242 4462; baseline 0.01 -21"><span class='ocrx_word' id='word_1_400' title='bbox 91 4385 138 4442; x_wconf 90' lang='lat' dir='ltr'>cit.</span> <span class='ocrx_word' id='word_1_401' title='bbox 163 4385 316 4458; x_wconf 80' lang='lat' dir='ltr'>Philopoo.</span> <span class='ocrx_word' id='word_1_402' title='bbox 340 4387 420 4444; x_wconf 82' lang='lat' dir='ltr'>Anal.</span> <span class='ocrx_word' id='word_1_403' title='bbox 445 4397 520 4460; x_wconf 86' lang='lat' dir='ltr'>post.</span> <span class='ocrx_word' id='word_1_404' title='bbox 545 4388 618 4462; x_wconf 82' lang='grc'>227,</span> <span class='ocrx_word' id='word_1_405' title='bbox 635 4389 685 4448; x_wconf 85' lang='grc'>46.</span> <span class='ocrx_word' id='word_1_406' title='bbox 710 4391 745 4446; x_wconf 79' lang='lat' dir='ltr'>ct</span> <span class='ocrx_word' id='word_1_407' title='bbox 771 4388 817 4450; x_wconf 83' lang='lat'>18·</span> <span class='ocrx_word' id='word_1_408' title='bbox 834 4383 925 4446; x_wconf 88' lang='lat' dir='ltr'>libros</span> <span class='ocrx_word' id='word_1_409' title='bbox 948 4389 1139 4460; x_wconf 87' lang='lat' dir='ltr'>Theophrasti</span> <span class='ocrx_word' id='word_1_410' title='bbox 1163 4392 1195 4448; x_wconf 87' lang='lat' dir='ltr'>b.</span> <span class='ocrx_word' id='word_1_411' title='bbox 1211 4394 1242 4455; x_wconf 90' lang='lat' dir='ltr'><strong>L.</strong></span> 
     </span>
    </p>
   </div>
   <div class='ocr_carea' id='block_1_5' title="bbox 0 0 1482 5034">
    <p class='ocr_par' dir='ltr' id='par_1_6' title="bbox 0 0 1482 5034">
     <span class='ocr_line' id='line_1_41' title="bbox 0 0 1482 5034; baseline 0 1"><span class='ocrx_word' id='word_1_412' title='bbox 0 0 1482 5034; x_wconf 95' lang='lat' dir='ltr'> </span> 
     </span>
    </p>
   </div>
  </div>
 </body>
</html>
