2954 5048
756 251 820 316 202

211 420 327 494 (nullus
349 423 434 485 enim
449 433 548 486 motus
570 432 668 501 polest
691 441 760 486 esse
780 417 916 507 συνεχὴς
933 431 1054 499 5555155
1066 421 1235 497 1551115518,
1252 421 1282 485 7.
1298 421 1375 495 261,

211 520 263 584 31.
279 523 367 585 2641)
382 525 433 588 28.
456 529 492 587 51.
509 526 539 601 3,
557 527 585 589 1;
601 529 690 590 2001)
707 527 757 590 17.
773 526 848 600 228,
864 527 921 600 20)
951 529 1018 588 sive
1040 520 1079 591 16
1092 574 1093 578 ,
1106 520 1277 609 6155155τὸ5
1308 518 1378 601 (εἰς

210 616 498 713 65161515555151.
517 631 545 703 6,
563 625 820 722 1452105156
844 619 969 720 ἀμερέςΙ
980 633 1056 704 (555
1068 639 1166 705 potest
1178 624 1225 705 7ἐξ
1236 619 1371 709 ἀτόμων

211 718 299 794 εἶναί
317 751 352 792 τι
377 728 508 811 συνεχές
524 734 588 808 6,1
616 752 713 812 55555
737 735 852 795 1555551
881 736 961 808 5556
987 741 1046 794 est:
1060 734 1244 802 individuum
1272 731 1371 806 6,10.

210 834 298 897 etot
313 833 343 895 8.
361 833 411 896 31.
436 838 471 896 cl'.
488 837 561 910 516,
578 835 607 899 5.
624 832 779 899 2361517.
796 836 869 911 234,
883 837 957 911 24),
976 831 1030 899 ’τὸ
1058 830 1315 920 πεπερασμένον
1343 845 1374 897 et

209 930 248 1006 ed
271 925 413 1021 ἄπειρον
435 941 487 1015 (51.
505 941 656 1014 610115.
673 940 746 1013 518,
762 939 792 1001 8.
814 933 984 1023 μεταβολὴ
1002 931 1031 1003 δ’
1046 930 1105 1003 οὐκ
1122 934 1210 1003 ἐστὶν
1229 929 1374 1017 50655115

210 1029 444 1123 615151555241,
460 1043 563 1117 266,
579 1045 608 1105 2.
627 1044 671 1120 7).
717 1045 789 1103 Nom
823 1061 924 1120 quum
949 1046 1046 1105 omnis
1080 1044 1374 1106 5151511551151555

211 1146 357 1209 contrane
372 1141 424 1232 (5,
441 1144 575 1207 12255
591 1145 620 1207 3.
645 1149 681 1206 51.
696 1145 726 1220 8,
744 1146 772 1207 7.
789 1145 862 1220 261,
879 1145 930 1208 32.
948 1144 1035 1207 2525
1052 1143 1184 1216 10515,
1201 1143 1238 1219 5)
1272 1145 1375 1220 itaquo

210 1247 292 1312 finito
314 1247 422 1307 linibus
445 1242 633 1324 quietemque
655 1251 811 1324 recipiens,
836 1256 999 1310 esttamen
1022 1258 1120 1309 motus
1133 1248 1190 1323 'qui
1204 1264 1375 1330 quumnoo

179 1404 183 1408 n
212 1351 250 1415 sit
276 1351 489 1417 contrariorum
527 1369 604 1412 unus
639 1334 746 1413 51151]
771 1354 930 1412 continuus
951 1360 991 1411 ’51
1018 1351 1150 1411 infinitus
1182 1358 1317 1425 tempore
1345 1360 1375 1411 ot

211 1461 350 1515 55155555
381 1454 412 1513 15
446 1472 533 1539 quem
563 1463 664 1515 octavo
698 1456 774 1515 lilino
808 1448 1040 1516 demonstratum
1074 1461 1112 1512 et
1125 1454 1219 1528 quinti
1254 1453 1322 1513 111151
1341 1462 1375 1514 51

212 1557 287 1617 sexti
309 1558 407 1618 omnis
429 1559 523 1617 tendit
545 1553 712 1632 disputatio.
758 1559 872 1618 Etenim
900 1559 925 1625 si
948 1572 1074 1616 5555555
1095 1563 1142 1615 551
1163 1571 1281 1630 semper
1303 1572 1375 1616 esso

211 1666 323 1719 motum
347 1658 516 1736 (8155),
541 1663 640 1720 omnio
667 1677 736 1721 vero
758 1677 835 1736 5555
858 1666 1027 1720 moventur¹
1042 1659 1120 1732 (sivo
1142 1664 1296 1733 perpetuo
1309 1658 1375 1718 sive

211 1763 305 1833 itaut
327 1752 446 1836 555565
478 1761 677 1836 5515555518,
693 1761 729 1836 3)
762 1765 799 1822 55
825 1763 923 1835 511555
952 1759 1230 1834 555555155(8,«4)
1258 1768 1308 1820 551
1335 1763 1373 1821 ub

211 1865 267 1925 elio
301 1873 352 1925 551
382 1881 455 1925 555
478 1866 543 1941 ipso
566 1901 608 1908 -
624 1883 727 1941 >neque
755 1866 836 1925 enim
860 1865 896 1922 55
926 1865 1024 1939 aliquo
1050 1864 1108 1923 ulio
1132 1864 1231 1923 omnio
1252 1863 1284 1922 in
1306 1864 1374 1923 inti-

211 1968 305 2027 nitum
328 1966 611 2043 (5125617211)
646 1986 751 2045 55555
777 1970 883 2028 eodem
916 1965 999 2026 motu
1032 1967 1143 2026 moveri
1171 1966 1375 2040 5555515515

210 2079 338 2145 possunt
365 2088 399 2130 nc
426 2073 542 2134 diverso
571 2069 674 2151 (2561)
690 2070 740 2135 30.
759 2066 831 2146 257,
848 2068 898 2132 25.
923 2072 958 2130 51.
974 2069 1068 2129 24111
1085 2069 1135 2127 14.
1153 2066 1226 2142 250,
1243 2065 1313 2142 15),
1343 2068 1375 2128 16

187 2175 292 2247 5556
316 2174 461 2248 'sequitur
488 2191 524 2238 ex
550 2176 587 2237 iis
618 2192 695 2250 5555
729 2176 765 2233 65
793 2175 907 2233 infinito
934 2174 1079 2248 disputate
1108 2181 1177 2233 sunt
1201 2171 1274 2245 qo
1292 2168 1371 2234 751.

87 2298 88 2302 ’
212 2273 242 2347 6,
258 2275 363 2335 2015.
387 2284 417 2334 51
439 2274 526 2336 2371)
543 2274 599 2348 25,
635 2294 670 2335 ex
698 2278 807 2351 quibus
833 2277 938 2334 iisdem
973 2278 1059 2334 ducta
1088 2282 1133 2336 est
1154 2273 1374 2334 denominatio
1458 2264 1461 2269 ’

140 2399 141 2404 ’
211 2374 259 2433 1115
284 2392 359 2449 quoe
381 2385 427 2437 est
442 2375 517 2449 7,1.
536 2376 607 2448 242,
625 2375 665 2438 15
679 2395 744 2452 sqq.
761 2379 828 2438 1520
841 2395 908 2452 555.
937 2381 990 2449 (51.
1016 2379 1145 2453 Simplio.
1169 2379 1206 2436 56
1228 2378 1256 2436 h.
1281 2377 1316 2450 l.)
1345 2383 1376 2435 et

212 2490 430 2552 superuacaneo
452 2487 481 2540 51
503 2480 596 2538 octavi
619 2460 684 2539 tion
705 2480 819 2538 5551551
843 2480 998 2539 manifesto
1021 2480 1120 2554 ignote
1142 2484 1184 2523 4-
1206 2480 1293 2539 debet
1305 2495 1375 2540 5555

178 2576 187 2601 ⁴
213 2582 340 2656 prinum
354 2583 520 2658 quidquod
532 2591 647 2642 moveat
662 2583 816 2641 immotum
833 2581 879 2658 (8,
897 2581 973 2656 555.
988 2584 1026 2641 51.
1039 2580 1069 2655 8,
1084 2581 1112 2641 6.
1128 2579 1218 2642 25015
1236 2579 1279 2642 28
1290 2584 1375 2655 555.)

212 2685 301 2759 idque
334 2694 439 2762 netum·
469 2685 595 2759 simplex
623 2694 652 2745 et
674 2694 826 2746 oeternum
854 2695 883 2746 et
905 2675 1026 2769 ἀμερές
1059 2687 1198 2760 5556555
1219 2692 1374 2743 oeternum

211 2787 336 2862 proinde
364 2796 392 2846 51
420 2790 630 2870 immutabilem
655 2797 683 2847 51
706 2789 867 2864 simplicem
894 2797 1009 2849 motum
1038 2794 1152 2847 moveat
1175 2793 1206 2845 51
1226 2784 1373 2844 infinitum

212 2887 258 2961 (8,
276 2888 383 2949 65515.
407 2889 490 2963 518,
508 2890 579 2965 10),
614 2908 705 2951 unum
740 2893 822 2951 illum
856 2901 885 2951 et
911 2892 1080 2951 continuum
1111 2905 1199 2964 quem
1227 2888 1372 2962 5555551

212 2991 300 3050 modo
328 2992 366 3050 sit
393 2992 488 3066 qualis
522 3010 589 3052 5555
617 2996 720 3053 delient
747 2991 887 3065 155154
914 2995 1076 3052 nuntiatum
1106 2991 1207 3064 155511,
1241 3007 1321 3050 5555
1344 2999 1375 3051 51

162 3172 169 3187 Ι
213 3093 274 3153 6551
297 3111 388 3168 posse
405 3095 541 3156 ostendit
557 3093 645 3170 ’(8,·7
657 3112 701 3171 sq.
719 3098 755 3154 51.
771 3094 802 3168 8,
820 3095 847 3156 6.
865 3094 938 3169 259,
955 3094 1011 3168 16)
1035 3104 1064 3154 51
1085 3110 1162 3153 5555
1176 3110 1244 3155 oum
1259 3101 1375 3152 motum

213 3196 405 3259 orbicularem
432 3199 517 3257 inter
549 3200 657 3260 1555155
691 3183 818 3273 primum
841 3197 887 3271 (8,
904 3197 938 3272 0)
973 3214 1031 3272 quo
1063 3190 1103 3259 τὸ
1135 3185 1243 3277 κύκλῳ
1274 3192 1373 3274 σῶμα

212 3289 396 3384 φερόμενον
419 3302 456 3360 65
477 3317 537 3376 555
561 3302 700 3375 deinceps
722 3315 821 3360 sonmo
845 3301 900 3360 5511
921 3300 1107 3360 1511551565
1119 3296 1202 3359 55515
1225 3296 1378 3374 55155555

152 3463 154 3469 ,
212 3405 314 3463 orbem
337 3411 488 3463 oeternum
511 3405 595 3478 quasi
618 3405 748 3469 intitotun
769 3405 949 3463 5515555115
966 3403 1163 3479 generationis
1177 3391 1373 3487 ἅνάκαμψις

213 3507 267 3577 (65
286 3521 356 3579 gen.
382 3513 411 3564 ct
432 3506 684 3582 55521055.)
719 3507 797 3566 circe
818 3523 911 3580 quem
937 3513 1095 3566 1555555155
1126 3504 1192 3585 libri
1213 3507 1258 3564 65
1280 3507 1373 3564 robus

213 3609 611 3670 5561555515551555155155.
640 3609 733 3678 'Quid
756 3626 826 3669 voro
849 3612 886 3670 56
908 3609 1136 3684 disputationem
1159 3608 1238 3667 illem
1260 3607 1376 3667 1551116

212 3711 293 3784 5556
326 3718 428 3770 555155
450 3712 567 3786 septimi
592 3712 657 3772 lion
681 3713 765 3772 docet
800 3718 1055 3790 omnemmotum
1079 3709 1189 3768 moveri
1213 3711 1250 3768 sb
1273 3711 1372 3785 511555

87 3882 91 3888 ¹
213 3814 253 3872 ito
273 3821 307 3871 ut
328 3814 456 3891 primum
485 3817 634 3890 quoddam
658 3815 696 3874 sit
723 3806 834 3877 αἴτιον
858 3812 1129 3886 cottonianae,
1162 3828 1200 3872 55
1222 3814 1259 3871 65
1282 3826 1373 3872 ceusu

213 3917 367 3991 55155515
400 3907 459 3980 οὐκ
484 3908 539 3980 ἐπ’,
567 3906 710 4001 ἄπειρον
735 3908 873 3998 πρόεισι
898 3911 938 3980 τὸ
961 3907 1015 3978 ἀεὶ
1035 3904 1092 3998 ὑφ’
1117 3905 1231 3994 ἑτέρου
1252 3911 1373 3989 (7,1)1

211 4032 309 4096 55555
331 4020 410 4079 enim
433 4022 506 4080 iilud·
527 4037 619 4094 quum
633 4037 731 4096 55555
751 4009 905 4105 dolonem
919 4022 1090 4082 5515565155
1101 4035 1199 4094 55555
1210 4020 1247 4076 56
1258 4025 1371 4079 motum

120 4142 121 4145 ¹
212 4131 363 4183 aeternum
386 4127 529 4183 5515551155
551 4125 790 4196 nequeomnino
813 4126 940 4201 emplius
974 4123 1162 4182 5155565155
1193 4139 1260 4180 5555
1280 4121 1376 4196 quoe?

213 4226 310 4286 stione
332 4227 398 4285 lihni
420 4227 456 4284 Vl
478 4225 536 4284 fine
558 4225 709 4299 proposito
730 4229 902 4288 ullomodo
930 4227 1081 4298 conderem
1115 4225 1186 4300 quid
1221 4226 1300 4300 quod
1334 4225 1371 4284 65

214 4343 305 4391 causo,
325 4335 424 4387 motus
447 4342 524 4403 quoe
535 4327 681 4390 sententio
699 4331 830 4408 tangitur
841 4329 921 4406 7,1.
933 4328 1020 4390 2125
1036 4329 1088 4402 24,
1110 4345 1152 4390 55.
1175 4322 1215 4392 ed
1238 4323 1371 4412 πρῶτον
