3160 5222
702 437 743 502 21

137 617 252 671 tauttmr
279 610 424 681 quaedam
453 609 536 682 quasi
551 608 778 681 hiographice),
812 609 893 668 allud
921 610 1037 682 epicum
1064 625 1184 672 carmen
1210 625 1302 669 unum

137 719 198 771 arte
221 712 358 770 condere.
404 709 588 782 Quapropter
609 710 640 768 iu
662 709 960 782 tempus-lonicorum
976 709 1137 770 litterarum
1154 716 1186 771 nt
1198 710 1299 783 poesis

136 813 177 872 ita
199 811 338 871 historiae
361 818 390 870 et
412 811 616 884 philosophiae
632 809 722 896 initiis
739 812 849 871 clerum
866 811 1018 870 Horrerice
1032 827 1153 886 quoqne
1170 811 1298 874 emmim

138 913 297 972 deicienda
325 927 393 974 esse
421 928 540 972 censeo.
591 912 679 972 Plane
706 911 785 970 enim
813 912 960 986 singulare
983 912 1105 970 'Graecis
1135 920 1229 985 esset,
1256 919 1299 974 tot

137 1019 275 1086 lauteque
298 1013 426 1073 carmina
448 1029 502 1086 per
523 1015 582 1074 duo
606 1014 706 1072 secula
728 1016 841 1087 (usque
863 1014 899 1072 ud
916 1014 959 1072 01.
976 1011 1019 1073 20
1034 1011 1136 1072 Callini
1153 1015 1298 1075 utvoluut

137 1119 270 1187 tenipus)
293 1115 358 1176 sine
381 1121 544 1174 ceterorum
567 1129 709 1189 generum
731 1130 768 1172 ex
786 1114 875 1188 ¹epico
898 1113 1082 1174 nascentium
1102 1115 1297 1176 aemulatione

136 1221 189 1275 eut
209 1215 340 1288 vestigiis
364 1218 486 1277 durasse
509 1223 683 1289 servamque
705 1231 782 1274 esse.
826 1217 889 1290 ligo
912 1216 1033 1290 quidem
1056 1216 1099 1274 sic
1121 1222 1219 1276 stetuo
1235 1215 1296 1288 epi·

135 1330 200 1374 eum
222 1316 336 1388 poesim
368 1317 426 1391 ipsi
454 1317 561 1392 lyricae
588 1318 755 1391 aequalem,
790 1317 818 1374 iu
853 1319 932 1390 quod
966 1316 1064 1389 ipsum
1096 1323 1215 1389 tompus
1249 1319 1295 1378 uel

135 1416 323 1482 Alexandrini
345 1418 495 1493 sapienter
517 1419 558 1476 illi
580 1419 791 1480 distribuentes
814 1405 934 1478 ultimos
957 1417 1057 1492 epicos
1079 1426 1195 1491 ponunt
1215 1421 1295 1478 velut

133 1519 365 1592 Eugarmnonenr
389 1519 608 1593 Cinaethoneur,
632 1521 720 1580 iidem
743 1527 840 1580 temen
864 1518 1026 1593 primorum
1048 1519 1205 1594 lyricorum
1221 1520 1295 1578 anti-

134 1620 274 1694 quitatem
303 1622 384 1684 velut
410 1621 514 1682 Gallici
537 1621 701 1680 Archilochi
709 1605 739 1695 ³)
767 1621 891 1680 nimium
918 1627 1075 1694 augentes,
1114 1622 1153 1680 itu
1177 1628 1210 1683 ut
1230 1622 1293 1680 lere

134 1728 163 1780 et
189 1722 246 1795 ipsi
271 1711 404 1782 nondum
432 1723 588 1798 scripsisse
613 1725 712 1796 (quod
738 1730 835 1783 umen
863 1722 1025 1787 absurdum
1053 1725 1113 1795 est)
1145 1722 1292 1798 cogitandi

133 1823 228 1882 t'orcnt
250 1857 292 1867 --
314 1825 375 1883 lere
397 1825 474 1884 iuter
496 1823 540 1886 Ol.
557 1821 600 1884 50
614 1832 644 1884 et
657 1822 700 1886 80
723 1823 871 1893 floruisse,
894 1822 1003 1880 vixisse
1018 1823 1179 1884 Homerum
1194 1823 1292 1882 lliedis

18 1903 24 1930 ²
132 1931 249 1998 poetam
274 1926 407 1986 lonicum
434 1926 516 1986 illum
544 1926 602 1986 iam
628 1925 659 1984 in
686 1926 795 2002 hymno
823 1925 859 1984 ad
881 1924 1045 1996 Apollinem
1073 1924 1144 1984 satis
1171 1924 1291 1998 quidem

133 2026 242 2084 recenti
265 2027 433 2088 hhulosum
455 2046 479 2087 c.
503 2043 614 2087 anuum
637 2025 700 2090 600
723 2044 748 2086 a.
773 2026 839 2084 Chr.
864 2042 892 2084 n.
917 2025 980 2098 (cui
1004 2025 1129 2099 tempori
1151 2026 1228 2086 iuter
1242 2041 1292 2083 ve-

110 2133 211 2184 teres
233 2127 413 2202 Theopompi
436 2131 470 2188 ir.
484 2127 578 2192 2210
600 2130 726 2189 maxime
747 2127 916 2188 coniectura
937 2142 975 2186 er
997 2142 1055 2200 qua
1077 2127 1223 2186 Homerus
1245 2133 1291 2184 est

132 2227 298 2288 Archilochi
327 2230 458 2304 aequalis
485 2231 521 2289 oi.
546 2230 655 2288 Talian.
682 2231 733 2290 Or.
762 2231 826 2288 adv.
851 2229 978 2288 Graecos
1000 2245 1029 2300 p.
1046 2226 1108 2290 209
1131 2231 1177 2286 ed.
1195 2225 1290 2297 1742,

133 2328 210 2386 inler
231 2337 365 2390 recentes
388 2329 480 2388 Grotii
502 2327 614 2401 ll,181
640 2330 714 2388 iuter
736 2331 781 2389 01.
797 2327 985 2392 eoo-dae
1004 2328 1142 2404 ponentis
1163 2327 1290 2398 accedit)

134 2430 292 2488 oriundum
316 2429 436 2503 quidem
457 2446 496 2488 ex
518 2429 599 2494 lenia
613 2429 713 2488 Aeolis
735 2429 843 2488 confrui
867 2431 916 2488 uhi
932 2437 1003 2490 sunt
1018 2430 1107 2492 Chios
1122 2435 1152 2486 ct
1167 2429 1290 2501 Smyrna

134 2531 282 2606 huiusque
315 2531 471 2590 dialectum
498 2539 529 2589 et
555 2531 690 2590 Aeolicae
721 2530 850 2604 regionis
883 2532 1016 2590 notitiam
1042 2529 1291 2592 accuratissimam

133 2633 309 2692 referentem
332 2633 383 2706 (ci.
394 2633 481 2692 Giese
490 2634 570 2692 Aeol.
581 2633 612 2690 li.
623 2630 694 2692 lte.
705 2629 794 2704 195),
817 2633 867 2706 qui
883 2634 1005 2692 'fabulas
1027 2632 1164 2692 debello
1186 2631 1290 2690 Troico

134 2734 314 2795 coloniarum
321 2735 508 2797 Aeolicarum
520 2741 552 2794 ut
560 2733 748 2794 Ponticorum
756 2733 968 2807 Argonauticae
979 2734 1110 2792 iuniores
1120 2733 1291 2792 memoriam

133 2837 280 2910 quandam
303 2837 458 2897 obscuram
482 2845 633 2896 servantes
656 2837 805 2908 longoque
827 2835 1013 2910 popularium
1028 2835 1065 2892 de
1080 2833 1205 2906 siugulis
1219 2831 1291 2894 viris

134 2938 286 3012 gestisque
308 2938 469 2996 carminum
493 2953 550 2996 usu
573 2938 707 3010 haditas,
730 2939 855 2996 sortasse
878 2939 964 2996 etiarn
988 2952 1023 2995 ex
1045 2941 1127 3008 parte
1150 2950 1201 2994 eas
1223 2949 1290 3007 per·

134 3039 281 3100 scribendi
314 3038 405 3098 initiis
438 3039 615 3113 quibusdum
648 3040 893 3112 praecedentibus
909 3077 912 3082 -
930 3040 982 3112 (ei.
1009 3038 1090 3111 quod
1115 3033 1221 3096 dieitur
1247 3069 1290 3082 -

134 3141 225 3215 lllage
247 3139 331 3202 2145
358 3173 399 3182 -
429 3157 545 3200 carmen
573 3141 696 3200 latinum
723 3143 760 3200 de
782 3141 982 3214 Niheluogicis
1009 3138 1134 3210 uostris)
1157 3153 1236 3196 nunc
1258 3137 1289 3198 iu

136 3245 227 3300 unium
250 3259 366 3301 summa
387 3251 449 3302 arte
472 3258 608 3317 novoque
636 3243 772 3304 uamaudi
798 3257 907 3317 genere
928 3248 958 3300 et
980 3255 1116 3300 sermone
1139 3245 1291 3311 metroque

135 3359 241 3402 recens
262 3345 381 3404 condito
403 3347 499 3418 (quod
522 3345 599 3403 sicut
620 3346 680 3404 iere
703 3344 926 3418 Nihelungicum
949 3348 1074 3400 metrum
1090 3341 1214 3400 aliorum
1229 3355 1291 3398 me-

135 3454 248 3506 trorum
271 3447 360 3520 lyrico
382 3447 440 3506 iam
463 3446 531 3506 usui
554 3463 612 3506 non
636 3449 794 3521 repugnat)
823 3447 930 3504 iactum
952 3457 1069 3500 carmen
1091 3441 1292 3511 redegitper·
1334 3470 1338 3475 ·

22 3533 23 3538 ¹
133 3548 312 3621 scripsitque
335 3559 364 3609 et
385 3552 426 3610 ita
446 3550 566 3626 quidem
588 3556 622 3608 ut
643 3564 741 3622 neque
755 3546 923 3620 aequalium
938 3541 1066 3600 carmine
1082 3554 1179 3612 neque
1194 3545 1292 3600 velue

133 3739 337 3752 ....-.---—

212 3867 231 3934 ¹)
251 3867 415 3918 Archilochum
442 3865 538 3929 quidem
565 3866 613 3915 hm
637 3865 691 3914 iude
713 3863 743 3914 eh
767 3857 1001 3925 heroumo(l‚12)
1028 3865 1124 3922 propter
1147 3858 1291 3908 mundonem

138 3956 258 4021 quandam
277 3955 346 4018 (ipsis
364 3953 466 4004 fabulosi
487 3953 549 4002 illius
568 3952 675 4002 lecerunt
691 3947 882 4014 aequalem.(0i.
896 3947 954 4014 23);
980 3947 1021 3996 sed
1039 3945 1116 3996 omnis
1134 3943 1251 4008 Lydorum
1266 3953 1294 3998 et

25 4101 27 4112 ,
103 4050 108 4055 “
139 4043 237 4094 historia
261 4041 341 4092 iabule
363 4048 399 4090 est
423 4048 448 4090 et
470 4039 622 4101 chronologia
644 4046 671 4087 ut
693 4044 826 4088 ceterorum
852 4035 1005 4086 barbarorum
1025 4041 1050 4084 el
1068 4034 1172 4096 ipsorum
1190 4038 1292 4082 veterum

140 4133 283 4180 Graecorum
306 4129 394 4178 incerto
417 4127 504 4192 quippe
525 4125 555 4174 ad
578 4126 656 4188 cyclos
679 4124 793 4187 quosdam
818 4123 886 4186 plane
905 4121 1028 4170 arbitrario
1052 4119 1094 4184 (oi.
1115 4119 1140 4168 C.
1160 4116 1242 4166 llaller
1259 4119 1293 4166 iu-

142 4217 203 4266 trod.
229 4217 252 4265 in
271 4215 298 4263 ir.
319 4214 502 4276 chronogrophi
534 4213 647 4262 adornato
679 4209 721 4275 (ci.
741 4209 769 4258 do
788 4209 857 4273 Lydis
881 4209 906 4257 C.
928 4208 1009 4257 lliiller
1032 4205 1060 4254 ir.
1079 4206 1134 4254 hist.
1154 4203 1172 4264 l,
1193 4203 1239 4253 581
1265 4201 1291 4249 ir.

142 4305 224 4353 chron.
236 4303 294 4354 lll.
307 4301 357 4352 105
371 4301 432 4365 sq).
469 4299 504 4348 Ad
522 4301 583 4349 hane
596 4299 712 4362 Lydorum
723 4303 824 4346 oetatem
843 4297 945 4354 Homero
955 4292 1077 4356 aequalem
1096 4297 1204 4353 spectant
1222 4289 1294 4336 Phoe-

142 4389 258 4440 niciorum
277 4388 425 4451 commercia,
444 4389 549 4455 Γυγαίη
567 4387 666 4457 λίμνη,
690 4383 767 4446 lingua
785 4384 895 4445 deorum,
915 4379 1092 4434 Atheniensium
1110 4383 1202 4440 partes,
1225 4375 1295 4424 Cares

143 4475 293 4528 barberinio.
1259 4483 1260 4490 ι
