2954 5048
736 392 737 395 =
750 354 813 416 aba

168 531 169 536 ’
204 527 240 583 cl.
263 517 370 585 8129
388 530 442 581 θῖθ.
463 521 513 595 11,
530 523 656 600 eumq:
684 525 824 584 Peterson
852 528 1004 604 Chrysipp.
1026 527 1089 587 tau
1108 491 1168 603 sip)
1203 531 1365 604 rostigin'nt

203 628 261 685 iarn
284 625 442 699 reperitur;
476 628 512 685 cl.
535 624 832 702 praeteroa10b32
860 639 888 688 et
919 623 957 691 τὸ
992 620 1256 714 ἄντιόιῃρῆσθαι
1288 630 1364 689 illud

204 725 351 802 (tanat.
375 724 822 803 141136,3143,36θιθ.)Δ
849 746 943 802 eaquae
978 734 1075 791 omnia
1103 750 1178 806 quiae
1205 734 1241 790 ad
1269 726 1364 812 γένος

203 841 240 891 et
255 832 319 890 eius
332 824 511 912 διαφορὰς
531 831 687 904 pertinent*
701 831 740 902 (c.
759 828 787 890 5.
812 833 846 889 cl.
863 835 932 908 lup.
950 835 1009 908 lV).
1055 836 1088 893 Et
1110 851 1181 894 sane
1204 837 1283 909 qarod
1299 846 1362 892 non

203 934 385 1007 Peripatetici
420 933 516 991 solum
550 933 603 990 sed
637 932 726 989 Stoici
761 934 847 991 etiarn
881 938 1019 1007 aequales
1053 945 1082 994 θῖ
1108 936 1246 995 Platonici
1276 936 1363 993 multi

99 1046 100 1049 ’
204 1037 323 1094 luerrrnt
344 1036 373 1092 in
397 1035 551 1107 categoriis
567 1034 765 1107 explicandis
792 1030 939 1108 pertinere
967 1039 1041 1094 hanc
1066 1054 1129 1096 rem
1152 1040 1188 1096 ad
1211 1023 1363 1096 dialectica

203 1137 300 1196 studia
334 1135 471 1194 omnibus
491 1137 544 1194 'his
578 1136 680 1193 sectis¹
695 1118 862 1195 connnunia
889 1146 917 1197 et
942 1154 1036 1212 aequa
1066 1131 1215 1213 diligentia
1239 1147 1362 1198 tractata

204 1240 311 1296 indicio
334 1247 392 1308 est,
427 1245 490 1295 orta
516 1237 708 1311 quidemilla
729 1244 760 1321 et
783 1239 867 1311 quasi
891 1239 1007 1297 condita
1029 1258 1044 1298 a
1066 1242 1223 1300 Platonicis
1252 1243 1362 1314 quibus

204 1341 273 1398 inde
305 1356 322 1397 a
351 1341 521 1414 Speusippo
555 1339 768 1399 et'llenocrate
803 1342 855 1413 (ct
882 1342 1006 1400 Brundis
1031 1341 1097 1416 Org.
1119 1342 1181 1402 att
1198 1345 1259 1417 sq.)
1283 1351 1363 1402 cate-

205 1443 304 1517 goriae
337 1443 394 1500 iarn
428 1459 444 1499 a
470 1442 597 1500 vPlatone
630 1451 818 1515 praeparatae
846 1449 934 1516 atque
961 1444 992 1501 in
1026 1443 1164 1518 Sophiste
1190 1453 1219 1504 et
1240 1447 1362 1504 Parme-

203 1545 272 1602 nide
295 1545 511 1617 quodammodo
535 1551 694 1616 usurpatae
716 1535 903 1619 provulgari
927 1545 1095 1606 dialecticae
1117 1549 1182 1607 loco
1206 1556 1297 1619 crant,
1322 1548 1363 1605 ita

204 1653 236 1704 ut
258 1648 304 1705 vel
326 1647 399 1720 ipsis
421 1646 611 1721 Pythagoreis
634 1645 709 1704 libro
731 1647 873 1721 Archytae
897 1648 1050 1720 supposito
1079 1651 1180 1708 decern
1208 1650 1274 1707 illae
1296 1649 1363 1706 rin·

203 1749 370 1806 dicerentur
384 1745 656 1813 consentientibus
673 1750 709 1805 de
735 1751 789 1806 bac
812 1766 844 1807 re
866 1750 1080 1821 posterioribus
1107 1748 1157 1823 qui
1186 1753 1221 1808 dc
1236 1751 1362 1808 'numeri

204 1852 306 1908 decem
336 1849 474 1923 dignitate
492 1849 635 1906 ¹dicerent
668 1849 823 1908 Platonicis
857 1852 936 1910 velut
961 1851 1082 1910 Philone
1105 1844 1281 1910 Nicomacho
1305 1861 1361 1910 etc.

132 2014 135 2018 Α
203 1952 274 2009 llam
308 1967 464 2009 nnmerum
498 1951 613 2022 decem,
647 1951 697 2024 qui
727 1958 772 2009 θεῖ
797 1952 936 2026 universi,
971 1955 1102 2013 omniurn
1122 1969 1201 2027 pirae
1229 1955 1265 2010 de
1294 1928 1363 2012 ente

202 2054 362 2127 praedicari
384 2060 510 2127 possunt
533 2052 673 2110 ambitum
697 2054 911 2124 describentem
934 2057 971 2112 ad
993 2056 1157 2114 Platonicos
1173 2042 1360 2121 referendum

203 2173 272 2215 esse
295 2157 490 2220 certissimum
526 2164 579 2226 est,
607 2157 786 2230 praesertim
819 2155 910 2230 quum
946 2142 1021 2216 sicut
1043 2159 1241 2232 Speusippum
1271 2174 1361 2231 quem

203 2261 296 2318 secuti
326 2269 395 2318 suut
417 2259 599 2333 Peripatetici
626 2266 741 2317 constat
767 2261 803 2316 de
826 2261 1012 2334 homonymis
1036 2268 1064 2318 et
1087 2259 1259 2334 synonymis
1282 2267 1365 2346 cete-¹

201 2361 302 2433 risque
336 2361 354 2418 i.
379 2379 404 2419 et
440 2363 475 2419 de
503 2361 715 2433 categoriarum
748 2361 937 2418 fundamento
972 2368 1106 2419 accurate
1141 2360 1279 2418 statuisse
1307 2362 1359 2433 (cf.

202 2463 332 2518 Boethus
356 2477 401 2538 ap.
426 2461 527 2531 Simpl.
552 2461 618 2518 Sch.
635 2457 768 2519 43119.
793 2462 828 2519 cf.
849 2459 989 2536 alnao)
1023 2463 1063 2521 ita
1095 2465 1287 2541 Xenocratem
1324 2465 1360 2521 de

112 2567 113 2571 ’
203 2561 358 2634 categoriis
387 2562 489 2618 decem
516 2577 533 2619 a
555 2560 754 2634 Peripateticis
786 2570 895 2636 postea
922 2565 1048 2638 receptis
1077 2566 1174 2639 egisse
1201 2564 1359 2627 Andronici

203 2664 289 2722 ducet
310 2663 511 2722 testimonium
533 2664 651 2738 (Simpl.
675 2664 741 2721 Scb.
758 2662 826 2724 471)
841 2665 898 2739 26)
923 2667 1097 2725 divisionem
1119 2667 1212 2725 secuti
1236 2668 1360 2724 eandem

203 2785 260 2840 qua
288 2769 467 2826 Xenocrates
497 2781 601 2824 ornnes
630 2752 792 2840 categorias
821 2784 960 2841 supremo
988 2783 1028 2827 eo
1052 2776 1084 2826 ut
1111 2768 1170 2826 sint
1198 2775 1247 2826 aut
1273 2756 1356 2826 καθ’

203 2859 285 2930 αὑτὸ
308 2877 360 2929 aut
380 2859 465 2950 πρός
486 2885 520 2927 τι
541 2867 716 2927 discrimine.
732 2871 903 2943 complexus
926 2878 984 2942 θεῖ,
1013 2886 1047 2928 ea
1071 2869 1189 2943 quidem
1215 2878 1249 2928 ut
1272 2871 1359 2927 credo

119 3013 120 3016 ,
202 2973 314 3029 ratione
341 2968 374 3030 ut
400 2979 540 3044 qnantum
569 2954 597 3029 et
624 2971 709 3044 quale
732 2972 905 3043 adnumeret
925 2971 995 3044 τοῖς
1023 2961 1105 3032 καθ’
1132 2961 1227 3045 αὑτὸ,
1262 2980 1363 3031 cetera

131 3055 135 3060 ’
202 3072 301 3129 relatis
325 3055 430 3144 (quam
453 3073 628 3129 divisionem
653 3073 785 3131 studiose
815 3083 954 3147 executus
981 3081 1027 3132 est
1049 3073 1139 3131 David
1161 3073 1191 3130 in
1216 3075 1275 3132 Cat.
1292 3071 1358 3132 481)

202 3170 323 3247 ao-sqq.
347 3174 494 3232 Aristoteli
517 3175 583 3237 iam
597 3181 747 3232 notarunt
769 3176 884 3234 ridetur
895 3177 1024 3234 eir-Anal.
1038 3182 1114 3249 post.
1132 3174 1160 3247 1,
1174 3175 1224 3234 22.
1237 3173 1304 3236 831)
1314 3175 1357 3245 19

201 3276 251 3334 ubi
274 3274 434 3349 categorias
463 3293 530 3336 esse
557 3277 669 3335 aitaut
702 3265 784 3337 καθ’
821 3265 904 3337 αὑτὰ
938 3269 1169 3358 συμβεβηκότα
1196 3287 1245 3336 aut
1271 3267 1355 3338 καθ’

200 3371 311 3458 ἕτερον
337 3369 489 3460 τρόπον).
546 3379 711 3438 concludas
745 3380 818 3437 adeo
854 3395 890 3436 ex
923 3381 977 3438 hac
1011 3381 1155 3438 divisione
1186 3381 1356 3455 simpliciori

125 3500 126 3503 ¹
196 3484 302 3540 'decem‘
326 3483 441 3540 duabus
461 3473 666 3555 'subiunge-nte
694 3482 791 3554 ipsum
818 3482 875 3538 iam
899 3483 1091 3567 Xenocratem
1115 3483 1235 3541 maioris
1257 3483 1378 3541 cuius·

201 3581 266 3642 dnm
290 3585 430 3642 Platonici
452 3583 783 3656 diuisionetn'spectare
811 3585 913 3642 decem
941 3585 1005 3643 illas
1028 3586 1108 3643 iuxta
1130 3591 1356 3658 proponentern3

201 3706 259 3762 qna
281 3689 316 3745 de
338 3703 371 3745 re
393 3704 472 3746 nunc
495 3684 612 3761 quidem
636 3686 851 3744 Platonicorum
874 3687 970 3759 libris,
1001 3704 1127 3761 quorum
1151 3702 1224 3750 saue
1247 3686 1359 3744 iactura

199 3791 360 3849 litterarum
393 3790 657 3863 philosophiaeque
690 3788 767 3847 inter
797 3790 948 3848 Platonem
982 3798 1011 3848 et
1035 3789 1220 3847 Aristotelem
1236 3789 1358 3850 ,lacuna

200 3872 309 3965 magna-
327 3899 390 3950 orta
412 3900 476 3965 esta
491 3892 542 3950 diu
562 3899 594 3950 et
614 3877 660 3949 vel
683 3891 957 3964 Neoplataniourum
980 3898 1071 3950 aetate
1092 3889 1215 3962 perditis
1239 3890 1371 3967 decerni·

161 3984 163 3989 ’
199 4010 259 4052 non
282 4002 389 4068 potest,
414 3994 579 4061 confirmari
603 3990 701 4051 autern
723 3993 869 4051 sententia
890 3995 936 4051 rel
949 3990 1125 4050 exPlatonis
1142 3991 1357 4075 Pannenidein

94 4136 98 4145 ·
200 4113 258 4170 quo
277 4111 390 4156 vutrarios
423 4099 484 4163 fere
519 4095 681 4168 categoriae
715 4094 782 4151 licet
815 4095 879 4152 aliis
913 4111 968 4152 nec
1000 4093 1037 4149 ita
1072 4093 1160 4152 certis
1186 4093 1357 4151 numinibus

198 4207 355 4273 usurpatae
378 4215 433 4258 nec
455 4201 526 4258 satis
549 4191 674 4267 divisae'
692 4195 722 4253 id
744 4198 824 4268 quod
835 4196 1050 4254 Platonicorum
1073 4194 1181 4257 subtile
1202 4194 1233 4251 in
1248 4194 1356 4252 talibus

181 4309 227 4359 ‘et
248 4315 338 4374 saepe
364 4274 510 4361 minutum
536 4297 688 4372 ingenium
715 4299 835 4371 addidit·
867 4305 963 4357 certae
986 4299 1043 4356 iarn
1067 4298 1233 4357 dialecticae
1250 4288 1380 4369 supela

197 4402 302 4461 lectilis
330 4405 459 4477 speciem
491 4395 597 4473 gerrrnt
628 4374 794 4459 secuudum
823 4400 915 4474 prram'
933 4404 1022 4460 unius
1045 4409 1149 4461 natura
1171 4408 1305 4473 quaeque
1326 4395 1365 4455 et
