2954 5034
765 309 808 368 40

211 485 263 558 24,
280 483 330 544 27.
354 485 479 553 Demetr.
502 483 539 539 de
562 478 634 538 elac.
658 481 688 536 l.
705 478 751 550 lx,
766 473 815 535 96
832 474 926 545 Walz)
950 488 1023 546 quas
1040 471 1087 530 20
1109 470 1255 527 lihrisu
1215 452 1268 541 (66
1256 467 1368 526 666666
1418 542 1420 546 ,

213 586 337 645 vertisse
358 585 451 643 Arabs
474 583 589 642 videtur
611 551 754 660 Graecum
777 564 981 664 inconst-u
939 575 1028 635 -6.
1011 572 1134 630 l.Anon
1138 556 1222 628 Men.
1235 587 1262 628 v.
1275 567 1370 628 71-

202 680 286 761 ’6666
274 669 446 743 trecenset
466 680 550 759 Diog.
568 678 597 752 5,
613 676 654 738 27
682 688 750 753 post
772 677 856 751 epist.
836 677 922 734 666
944 676 1015 734 Phil
1044 681 1072 732 66
1098 671 1182 746 epist.
1207 670 1370 746 Selymhr.)

209 774 397 847 andronicus
427 783 568 868 invenit
599 787 716 855 praeter
748 781 812 838 illas
840 792 916 852 quae
944 778 974 835 in
1001 777 1076 834 libro
1099 775 1122 831 V
1145 773 1308 832 Andronici
1333 773 1371 829 de
1417 770 1438 778 ”

216 888 379 946 Aristotelis
402 873 520 958 scriptis
542 888 706 941 memorant
706 883 765 938 ur''.
810 881 853 938 Ex
875 879 1038 938 Andronici
1060 877 1135 935 libro
1163 883 1277 959 sumtae
1300 879 1373 932 66666

213 982 360 1063 epistolae
382 989 461 1061 apud
483 986 609 1044 Gellium
630 999 689 1045 non
714 983 810 1065 solum
833 981 899 1054 (20,
913 979 962 1054 5),
986 966 1139 1038 manifesto
1162 977 1228 1034 iDae
1252 975 1372 1050 spuriae

216 1107 308 1164 quum
334 1097 454 1164 tangant
481 1087 679 1161 posteriorum
705 1085 742 1145 66
765 1083 848 1141 lihris
875 1076 1088 1154 sententiisque
1111 1078 1284 1152 magnorum
1300 1075 1374 1169 phi·

215 1179 409 1277 losophorum
431 1206 448 1247 6
471 1188 549 1265 vulgi
571 1185 672 1244 notitia
695 1184 817 1251 secretis
839 1191 927 1257 atque
942 1182 1083 1242 ineditis
1075 1186 1157 1254 mept
1158 1197 1204 1239 am
1220 1181 1251 1250 (6
1235 1179 1271 1236 cf.
1285 1166 1373 1257 etiam

212 1285 364 1366 Lyconem
379 1307 425 1364 ap
442 1291 474 1348 D
484 1291 519 1348 L.
533 1285 562 1361 5,
576 1284 632 1360 73)
657 1286 835 1360 opinionem,
860 1285 1021 1343 sedetiam
1045 1282 1211 1358 quaedam
1204 1297 1244 1338 66
1251 1281 1374 1338 scholiis

215 1393 322 1450 citatae
348 1392 384 1450 66.
391 1406 454 1467 ep
482 1390 531 1448 dr
555 1389 622 1448 Scn.
640 1385 782 1457 266628,
809 1386 865 1446 vita
893 1387 989 1467 Nunn.
1017 1401 1045 1459 p.
1062 1383 1103 1443 16
1137 1392 1166 1442 66
1199 1396 1256 1443 666
1268 1383 1374 1440 eodem

215 1483 309 1551 'Andr
323 1509 368 1566 ep.
383 1491 573 1564 Theophrast
566 1508 575 1548 6
553 1490 655 1548 t.Sch
662 1486 807 1550 404611
822 1496 850 1546 66
838 1462 992 1547 66666666
1008 1488 1094 1545 etiarn
1111 1502 1191 1559 quae
1199 1485 1249 1543 his
1262 1483 1376 1542 similia

220 1595 257 1653 66
279 1576 403 1667 Eudemi
431 1592 558 1651 editione
585 1572 851 1666 Metaphysicorum
879 1591 966 1648 hahet
991 1588 1108 1661 Asclep.
1126 1588 1206 1645 Sch.
1217 1583 1375 1647 519638

219 1695 338 1752 Ρ666666
360 1694 437 1767 epist
425 1691 501 1750 66666
522 1692 709 1751 Andronicus
733 1700 762 1750 et
782 1693 974 1750 Ptolemaeus
990 1690 1041 1761 (66.
1065 1690 1114 1747 vit.
1130 1689 1261 1746 Nunnes
1278 1704 1306 1760 p
1315 1685 1376 1758 to)

221 1780 306 1856 666666
339 1801 513 1852 testamenta
545 1785 804 1867 Peripateticorum
842 1798 1040 1871 apposuerant
1071 1806 1114 1855 ‘ax
1146 1790 1291 1848 Aristonis
1314 1789 1378 1848 -Cei

213 1882 270 1966 (D.
286 1896 318 1953 L.
335 1890 364 1968 5,
382 1893 441 1967 64),
462 1889 597 1973 sortasse
611 1895 886 1953 commentariorum
909 1892 992 1951 lihris
1014 1891 1104 1964 petita
1126 1899 1155 1949 et
1169 1893 1205 1949 ah
1216 1887 1378 1964 Hermippo

220 1984 341 2068 ‘quoque
367 1981 528 2053 memorata
547 1995 670 2069 (Athen.
687 1993 738 2065 13,
755 1994 816 2056 589
833 2018 868 2045 =
882 1991 963 2053 D.'L.
981 1989 1010 2064 5,
1027 1990 1184 2065 laq-14),
1208 2000 1287 2065 'quae
1300 1981 1380 2065 post

220 2088 348 2176 ¹Lyconis
371 2105 495 2155 mortem
518 2105 551 2155 ut
567 2097 779 2156 diadochorum'
792 2078 924 2173 instituta
938 2096 1188 2167 recensionesque
1204 2094 1380 2177 confirment

123 2219 124 2224 ¹
221 2186 274 2269 (66.
303 2198 370 2255 test.
398 2197 478 2272 Epic.
508 2198 540 2255 D.
556 2198 588 2254 L.
611 2197 662 2270 10,
679 2196 729 2257 17.
753 2200 823 2257 ihid.
840 2196 890 2258 18.
928 2197 1057 2260 Platonis
1088 2204 1154 2255 test.
1184 2196 1378 2270 epistolarum

217 2297 286 2357 'eius
310 2283 429 2357 ultimae
451 2298 599 2358 simillima
622 2302 681 2373 est)
705 2300 870 2377 conscripta
893 2306 963 2356 sunt
977 2298 1036 2370 ’(66.
1059 2297 1090 2355 66
1112 2299 1200 2356 Arist.
1216 2298 1380 2376 testquod

219 2390 384 2472 genuinum
411 2406 494 2471 putat
453 2400 643 2458 tatBrandis
665 2401 752 2459 Arist.
763 2403 790 2475 I,
807 2399 858 2473 62,
881 2416 927 2472 ap.
952 2399 983 2457 D.
1000 2400 1032 2456 L.
1050 2395 1079 2470 5,
1096 2397 1152 2458 13
1160 2400 1215 2457 uhi·
1234 2400 1380 2474 deprimi

213 2488 298 2556 161666
331 2498 427 2556 mariti
456 2500 609 2559 Nicanoris
636 2508 702 2559 ante
718 2517 856 2562 uxorem
884 2508 977 2560 morte
1004 2501 1040 2558 66.
1065 2501 1142 2559 Sext.
1156 2502 1248 2574 Emp.
1271 2499 1382 2574 pota

219 2595 322 2657 animo
345 2600 430 2686 quasi
452 2600 656 2674 praesagiente
679 2603 821 2674 cavetur)
866 2601 947 2669 Quae
976 2608 1149 2660 testamenta
1175 2604 1286 2676 profert
1311 2606 1383 2663 Dio·

223 2690 317 2774 'genes
344 2708 528 2760 nontamen
555 2702 604 2778 ille
631 2704 710 2763 unde
738 2712 767 2763 66
793 2704 865 2760 haec
893 2710 922 2760 et
910 2703 1056 2762 tindices
1084 2704 1234 2762 librorum
1248 2698 1383 2766 hauserit

170 2865 172 2868 ,
225 2801 405 2876 significem,
434 2804 492 2862 nisi
515 2807 595 2877 quod
614 2805 653 2880 in.
670 2805 840 2873 universum
865 2820 897 2862 se
918 2804 1027 2863 >alicubi
1049 2813 1236 2877 testamenta,
1264 2808 1326 2866 scil.
1352 2809 1383 2866 in

225 2903 369 2976 scriptore
402 2903 514 2977 aliquo,
549 2906 696 2979 reperisse
730 2914 831 2965 mouet
864 2894 976 2988 (ἡμεῖς
1002 2897 1192 2986 ἐνετύχομεν
1215 2905 1244 2980 5,
1261 2907 1311 2966 11.
1328 2908 1381 2969 69.

228 2989 324 3086 εὗρον
343 3002 372 3078 5,
390 3000 440 3063 51.
470 2998 630 3085 φέρονται
646 3004 675 3078 5,
693 3005 748 3079 613
783 3009 885 3081 ead-em
912 3009 1036 3066 formula
1061 3026 1136 3068 usus
1164 3011 1274 3068 iontem
1302 3011 1384 3069 addit

226 3103 257 3201 3,
274 3102 314 3165 53
341 3098 405 3188 ἐγώ
433 3097 462 3166 ‹l'
491 3088 587 3187 stipor
614 3101 649 3168 ἐν
676 3107 747 3190 τοῖς
769 3101 983 3193 Φαβωρίνου,
1010 3111 1156 3174 immerito
1183 3112 1342 3186 castigatus
1366 3130 1385 3170 a

226 3206 382 3266 Brundisio
404 3208 518 3268 Aristi
540 3227 568 3283 p.
585 3208 641 3291 81;
665 3211 806 3283 epistolas
826 3228 947 3286 ,quoque
962 3213 1207 3286 philosophorum
1218 3214 1287 3272 sine
1302 3213 1385 3272 fonte

229 3308 304 3366 solet
330 3309 439 3368 inferre
470 3312 550 3370 velut
580 3311 630 3371 ubi
659 3306 764 3370 rursus
793 3313 863 3371 illud
891 3296 987 3393 εὗρον
1010 3312 1127 3386 1,112.
1146 3312 1198 3374 63.
1225 3316 1383 3374 ettamen

226 3404 256 3482 7,
274 3408 324 3483 6),
360 3412 451 3472 libros
478 3427 548 3471 vero
575 3421 696 3487 propter
721 3414 860 3487 ipsorum.
883 3423 1094 3490 auctorumque
1120 3409 1328 3491 praestantiam
1352 3431 1387 3474 se

174 3530 178 3533 ·
227 3528 385 3572 recensere
413 3523 535 3573 cunctos
562 3516 642 3573 addit
669 3510 769 3574 eadem
799 3517 860 3575 fere
888 3524 916 3574 et
943 3517 976 3575 in·
1000 3517 1155 3577 Aristotele
1183 3525 1215 3576 et
1237 3518 1268 3575 in
1286 3518 1388 3574 :Theo-

228 3613 349 3684 phrasto
377 3622 406 3672 et
432 3615 601 3690 Chrysippo
625 3619 710 3690 quasi
738 3618 928 3677 excusatione
954 3636 1028 3678 usus
1051 3618 1096 3693 (5,
1112 3618 1162 3679 21.
1180 3619 1230 3677 42.
1248 3614 1277 3688 7,
1295 3614 1387 3691 189),
1412 3689 1415 3695 ,

230 3719 259 3769 66
280 3711 311 3769 in
333 3700 532 3787 Theophrasto
555 3717 595 3775 ita
617 3718 735 3792 quidem
763 3728 795 3778 ut
817 3721 892 3779 alius
916 3720 1080 3796 similisque
1103 3717 1255 3791 scriptoris
1278 3716 1309 3774 in
1331 3719 1390 3777 hac

229 3811 262 3869 r'e
289 3804 456 3885 exemplum
483 3818 568 3890 sequi
595 3799 690 3878 666666
679 3827 726 3878 tur
753 3816 826 3892 (καὶ
848 3809 975 3893 αὐτός).
1026 3820 1160 3878 Omnino
1178 3835 1249 3876 aero
1275 3821 1350 3878 mult
1339 3828 1388 3880 tos

230 3913 297 3971 illos
321 3930 397 3987 quos
420 3915 487 3974 citat
509 3926 623 3978 veteres
645 3922 919 4003 Alexandrinosque
942 3928 1080 3979 auctores
1093 3921 1252 3978 tenendum
1269 3929 1388 3980 estnon

226 4013 328 4088 ipsum
350 4016 518 4090 inspexisse
541 4021 700 4097 Diogenem
724 4027 804 4098 quod
826 4023 953 4099 ingentis
977 4021 1144 4095 diligentiae
1155 4017 1390 4096 luisset‘etper-

229 4115 359 4174 tectioris
382 4133 498 4193 operae,
523 4126 576 4183 sed
592 4126 701 4186 6666666
723 4127 834 4201 legisse
856 4133 943 4199 atquc
965 4124 995 4181 66
1014 4139 1101 4183 suum
1119 4124 1225 4182 hhrum
1237 4139 1389 4197 recep1sse

230 4218 276 4291 (66
298 4218 417 4291 quidem
440 4223 485 4281 vel
508 4219 702 4317 Hermippum
722 4237 750 4287 ot
772 4227 998 4303 Apollodorum)
1020 4240 1062 4282 ex
1084 4224 1120 4283 666
1144 4243 1220 4299 quos
1241 4232 1347 4299 perpet
1348 4241 1389 4284 uo

231 4321 389 4394 compilare
413 4324 487 4384 solet
509 4329 722 4399 recentioribus
751 4330 842 4406 script
831 4328 944 4411 torihus
971 4325 1017 4391 vix
1042 4312 1196 4389 duodecim
1220 4320 1322 4401 primi
1330 4327 1390 4384 sci-
