3196 5232
714 459 776 524 tat

165 634 458 710 Meteorologicorum
471 627 474 632 ’
487 634 687 694 auctoritatem
716 635 800 692 allata
829 634 927 708 inepta
949 637 1034 711 plane
1058 644 1086 696 et
1108 653 1144 696 en
1164 639 1324 714 ¹verborum

163 745 275 798 tantum
310 741 409 812 specie
439 739 528 812 petita
562 751 637 811 quae
664 737 740 794 bene
767 737 902 794 refutavit
936 739 1134 813 Olympiodor.
1156 743 1177 814 l,
1199 737 1260 801 tat
1277 757 1320 815 sq.
1394 797 1395 800 ,
1470 730 1474 740 ’

161 841 224 898 lam
259 857 327 898 vero
362 858 449 900 omne
478 840 668 915 physicorum
702 855 778 913 opus
812 839 974 898 absolvitur
1000 842 1074 900 libro
1103 844 1243 918 singulari
1272 843 1321 916 qui

162 943 264 1001 tertiae
292 943 414 1016 parti‘i.
438 961 462 1000 ε.
492 940 725 1015 bleteorologicis
754 942 858 998 eodem
885 943 970 1001 titolo
999 951 1120 1016 quartus
1147 946 1323 1017 adnumera-

161 1046 260 1104 batur:
284 1046 314 1103 in
338 1061 396 1118 quo
421 1055 488 1121 post
510 1044 730 1119 generationem
753 1053 782 1102 at
804 1045 1020 1120 corruptionem
1047 1038 1107 1128 τήν
1129 1037 1242 1128 κοινήν
1264 1041 1322 1104 iam

161 1147 258 1222 agitur
280 1149 316 1206 de
340 1151 442 1210 eadem
468 1152 522 1208 boc
546 1153 692 1222 quatenus
721 1146 750 1203 in
779 1147 853 1220 ipsis·
879 1149 1052 1222 corporibus
1077 1149 1248 1222 compositis
1272 1140 1322 1220 (ἐν

160 1250 231 1324 τοῖς
264 1242 364 1333 φύσει
398 1247 598 1314 συνεστῶσιν
625 1234 688 1330 ήδη
711 1245 801 1308 atat
818 1249 868 1308 tl..
891 1245 964 1322 379,
982 1249 1010 1309 6.
1033 1248 1120 1311 abac
1137 1251 1186 1312 20.
1208 1247 1259 1311 33.
1284 1251 1319 1309 cl.

161 1353 248 1415 328b
265 1353 314 1414 39.
325 1352 405 1428 368,
422 1356 457 1427 4)
480 1355 510 1411 in
532 1352 710 1412 animalibus
734 1369 774 1410 sc.
791 1361 819 1410 ct
829 1354 936 1427 plantis
951 1350 1049 1425 (abab
1063 1349 1113 1422 30.
1127 1356 1162 1412 cl.
1177 1352 1248 1426 298,
1263 1349 1320 1425 31)

161 1457 350 1531 conspicitur,
375 1471 451 1534 quae
468 1470 560 1530 quum·
575 1455 724 1514 communi
736 1454 855 1513 nominc
867 1455 979 1515 dicatur
990 1448 1116 1537 γένεσις
1137 1451 1193 1516 καὶ
1216 1453 1321 1540 σῆψις

105 1635 108 1638 ¹
161 1577 215 1636 pro
230 1561 307 1618 varia
320 1576 476 1634 corporum
487 1574 564 1631 quae
577 1559 787 1616 clementorum
802 1559 987 1618 facoltatibus
998 1558 1179 1618 mutantibus
1189 1557 1321 1616 subiecta
1346 1557 1347 1560 ’

161 1673 231 1722 sunt
252 1671 354 1722 natura
385 1671 413 1722 et
435 1661 597 1722 mutatione
632 1661 799 1734 complures
830 1661 1024 1735 diversosque
1051 1661 1156 1719 modos
1190 1660 1266 1734 capit
1294 1666 1322 1718 et

161 1767 281 1824 nomina
303 1748 381 1824 varia
405 1764 529 1837 (etenim
552 1753 588 1823 ori
610 1753 762 1845 έρρασέοι
785 1760 851 1822 τῶν
874 1761 1056 1843 ποιητικῶν
1080 1770 1148 1820 sont
1170 1755 1279 1847 πέψις
1293 1770 1323 1824 et

162 1859 298 1954 ἀπεψία
314 1869 344 1938 4,
361 1866 454 1940 2-3‚
478 1861 583 1948 πῆξις
603 1875 633 1924 al
654 1859 747 1946 τῆξις
770 1873 872 1923 auteur
888 1861 954 1928 τῶν
969 1861 1169 1945 παθητικῶν
1184 1865 1213 1934 4,
1226 1861 1320 1924 4-7.

160 1974 195 2030 cl.
219 1971 411 2046 Theophrasti
440 1969 571 2030 libellum
594 1961 673 2048 περὶ
699 1959 833 2050 πήξεων
865 1963 922 2029 καὶ
947 1959 1073 2049 τήξεων
1095 1967 1126 2024 D.
1152 1969 1183 2024 L.
1206 1965 1234 2038 5,
1251 1963 1319 2038 45),

160 2075 268 2148 quibus
292 2073 387 2132 modis
411 2089 502 2148 quum
526 2071 758 2130 determinentur
781 2061 816 2132 oei
839 2066 1003 2154 διαφοραὶ
1024 2052 1090 2130 τῶν
1113 2059 1322 2150 ὁμοιομερῶν

160 2161 205 2250 (4,
221 2176 251 2238 8.
276 2160 370 2236 01:⁷10
386 2175 442 2246 in.)
476 2175 565 2232 siout
584 2192 673 2249 supra
708 2177 919 2234 clementorum
953 2175 1137 2233 facultatibus
1165 2185 1322 2246 corporum

159 2279 338 2354 simplicium
362 2277 556 2348 differentiae,
586 2277 641 2336 iam
671 2285 702 2336 ut
729 2277 792 2338 libri
816 2279 854 2335 ¹de
877 2277 1030 2335 elementis
1054 2277 1237 2334 illustrantur
1259 2287 1321 2332 uta-

158 2381 347 2456 leorologicis
382 2381 428 2438 ita
445 2378 490 2438 bic
513 2377 542 2436 in
567 2379 624 2436 stne
647 2378 736 2436 libelli
766 2380 902 2454 qualibus
930 2377 1104 2452 corporibus
1127 2377 1321 2451 proprietates

60 2477 62 2483 ’
160 2487 226 2544 illae
249 2482 425 2544 conveniant
448 2481 512 2554 (9)ι
527 2487 557 2538 et
579 2483 727 2554 quomodo
755 2481 791 2539 iis
820 2481 955 2539 differant
982 2481 1094 2554 lapides
1121 2481 1236 2553 plautae
1259 2479 1321 2538 ani-

159 2587 246 2646 malia
267 2585 453 2659 partiumque
477 2574 688 2666 ὁμοιομερῶν
709 2583 791 2657 origo
815 2583 946 2656 (lbsu.)
970 2583 1134 2657 exponitur,
1158 2583 1196 2640 ita
1218 2583 1321 2640 utiam

160 2688 333 2749 satisfecerit
356 2695 457 2746 auctor
478 2687 627 2760 promisso
651 2687 718 2746 dato
740 2688 858 2746 bleteor.
877 2685 905 2757 l,
922 2685 950 2744 l.
968 2684 1040 2756 339,
1059 2685 1091 2745 5:
1126 2674 1323 2756 διελθόντες

160 2785 198 2854 δέ
212 2782 295 2870 περὶ
316 2778 444 2849 τούτων
465 2794 522 2862 (sc.
540 2791 577 2848 da
594 2789 749 2862 nteteoris)
774 2779 1001 2869 θεωρήσωμεν
1023 2779 1120 2848 εἴτι
1144 2776 1321 2862 δυνάμεθα

151 2886 242 2980 ινιοτόι
275 2885 334 2952 τόν
367 2881 579 2975 ὑφῃρημένον
610 2881 737 2971 τρόπον
772 2880 1001 2952 ἀποδοῦναι
1034 2884 1112 2973 περὶ
1147 2878 1237 2969 ζῴων
1266 2880 1323 2946 καὶ

163 2991 275 3078 φυτῶν
301 2986 483 3056 καθόλου
511 3013 550 3054 τε
577 2985 643 3053 καὶ
673 2985 794 3077 χωρίς
826 3003 912 3067 σομε
940 3009 1042 3052 revera
1064 3007 1144 3051 nunc
1167 2991 1205 3050 sit
1226 2983 1323 3063 τέλος

162 3092 296 3180 γεγονός
317 3094 383 3180 τῆς,
398 3091 435 3170 ἐξ
455 3085 556 3178 ἀρχῆς
577 3085 655 3178 ῆμῖν
681 3090 910 3180 προαιρέσεως
931 3088 1043 3178 πόσης
1063 3093 1150 3168 (339,
1166 3093 1211 3167 8).
1250 3094 1321 3152 Nam

161 3217 197 3260 ex
220 3201 293 3274 ipsis
316 3200 374 3258 illis
397 3199 495 3256 verbis
520 3201 614 3258 clucet
637 3216 696 3258 nou
719 3201 826 3274 respici
850 3202 885 3258 ad
909 3217 998 3277 opera
1024 3195 1102 3283 περὶ
1124 3188 1217 3274 ζώων
1243 3195 1322 3254 varia

161 3313 189 3363 et
211 3303 317 3365 diflusa
340 3304 393 3362 sed
415 3303 452 3360 acl
475 3302 639 3363 breviorem
663 3305 810 3378 quandam
823 3295 884 3376 (τί.)
909 3312 937 3362 et
958 3298 1322 3370 universalioremlaoc‘b-

160 3398 257 3478 ὁλσο)
292 3405 518 3478 disputationem
547 3405 750 3480 physicorum
771 3415 880 3480 partem
906 3412 1068 3478 separatam
1092 3393 1214 3482 (χωρίς.
1250 3416 1321 3474 qua-

160 3516 279 3584 propter
290 3506 321 3578 4,
339 3506 389 3568 to.
405 3503 494 3566 aeto
509 3504 551 3568 34
574 3507 639 3566 libri
664 3511 738 3567 tertii
763 3517 851 3582 caput
873 3508 1008 3566 ultimum
1033 3505 1137 3563 citatur
1149 3503 1195 3560 bis
1207 3501 1320 3560 verbis:

162 3603 275 3692 ῶσπερ
300 3597 428 3693 ε’έρητοι
452 3601 491 3668 έν
514 3595 678 3682 ἄλλοις).
722 3610 855 3667 Attamen
884 3607 1049 3682 praeparari
1073 3613 1150 3663 corte
1173 3603 1324 3677 zoologica

160 3717 270 3788 scripta
292 3721 322 3771 et
345 3719 404 3770 toto
428 3711 492 3768 b'oc
507 3711 581 3770 libro
605 3712 792 3770 manifestum
827 3719 872 3770 est
895 3721 923 3770 ct
947 3711 1062 3783 epilogo
1087 3708 1150 3774 eius
1173 3723 1232 3780 quo
1255 3712 1323 3780 post

161 3817 343 3875 universales
366 3814 431 3872 illas
453 3811 519 3873 τῶν
542 3803 754 3895 ὁμοιομερῶν
777 3813 955 3872 ‹lillercntins
978 3813 1089 3871 utiam
1112 3828 1129 3868 a
1152 3809 1270 3868 materia
1295 3816 1324 3868 et

162 3920 315 3978 clementis
343 3919 378 3976 ad
408 3917 606 3992 cognitionem
636 3933 737 3977 eorum
769 3933 844 3990 quae
866 3923 950 3974 vocat
970 3907 1024 3974 -τσὶ
1059 3905 1123 3976 ὅλα
1155 3903 1235 3995 έργσι
1265 3909 1324 3992 τῆς

163 4011 297 4104 φύσεως
331 4029 359 4078 et
387 4022 567 4079 certaturae
595 4037 699 4078 carrsas
728 4019 830 4084 sinales
854 4017 1073 4093 perveniamus,
1108 4017 1200 4090 ipsam
1225 4031 1324 4073 rerum

163 4127 345 4200 singularum
376 4138 411 4181 ex
435 4124 566 4198 partibus
590 4122 794 4183 consimilibus
821 4121 1017 4180 constantium
1045 4127 1179 4178 naturam
1200 4129 1324 4177 necesse

164 4240 231 4287 osse
266 4229 352 4285 docet
374 4233 406 4283 ut
429 4228 617 4299 exploremus
641 4233 669 4282 et
693 4225 799 4282 deiude
824 4215 865 4282 τὰ
887 4214 932 4304 μή
951 4211 1156 4304 ὁμοιομερῆ,
1187 4220 1224 4277 ita
1249 4231 1324 4290 quae

164 4347 200 4390 cx
223 4329 443 4402 iis-composita
468 4336 536 4386 suut
565 4329 643 4386 velut
666 4326 814 4384 bominem
844 4325 972 4398 plantam
1000 4326 1114 4382 iamiam
1140 4317 1323 4379 intellecturi.

163 4433 278 4502 Quibus
300 4433 399 4491 verbis
423 4433 584 4490 tenendum
607 4436 653 4488 ast
676 4429 773 4488 studia
784 4428 902 4502 quidem
917 4443 1066 4501 operaque
1079 4425 1159 4484 zolca
1173 4418 1327 4493 sequeutia

161 4553 222 4600 nou
251 4552 321 4596 roro
350 4539 455 4596 trorum
485 4533 712 4608 dispositionem
739 4532 874 4605 indicari,
903 4533 932 4592 id
956 4532 1034 4604 quod
1062 4525 1174 4602 putavit
1195 4521 1325 4582 Pseudo-
