3196 5232
837 425 900 488 232

178 593 180 596 ’
289 599 442 656 blernetica
476 587 724 673 et'qaorundana
758 595 901 653 librorum
934 596 1092 669 particulas
1119 611 1228 679 paucas
1255 597 1342 655 nobis
1371 610 1449 654 nunc

290 716 408 773 ortoque
437 702 560 759 servatis
582 732 624 742 —-
652 701 801 771 ingentem
835 700 928 757 luisse
962 697 1133 772 intelligitur
1165 698 1307 756 librorum
1335 683 1450 771 copiam

290 802 396 859 studiis
420 800 624 859 Alexandrinis
647 806 697 858 aut
720 797 789 858 sinc'
806 800 937 858 auctoris
958 801 1078 862 numine
1102 807 1152 858 aut
1173 799 1270 858 alieno
1285 800 1451 858 oblatorum

291 910 318 960 et
341 885 430 977 modo
453 903 637 960 coniecturae
661 917 761 959 errore
784 903 872 961 modo
897 903 993 960 dedita
1016 902 1144 960 auctoris
1168 901 1256 974 opera
1280 902 1449 983 speciosum

290 1003 406 1060 titulum
436 983 569 1076 captante
602 1005 676 1063 lalso
710 1003 796 1062 titulo
826 1004 1044 1078 inscriptorum,
1072 1005 1183 1077 quales
1218 1011 1288 1080 sunt
1309 1003 1450 1062 Socratici

289 1103 486 1176 Hippocratici
520 1104 704 1164 Dernocritio'i
737 1105 920 1180 Pythagorici
954 1105 1131 1169 Aristotelici
1169 1105 1282 1178 quibus·
1310 1105 1449 1163 omnibus

290 1203 347 1262 iarn
370 1205 505 1278 augenda
528 1213 573 1264 est
595 1206 772 1264 litteraturae
796 1208 898 1266 aetatis
922 1207 1157 1282 Theophrasteae
1178 1215 1266 1279 atque
1289 1206 1365 1264 inter
1385 1205 1450 1264 Pla·

233 1312 236 1318 '
288 1312 389 1364 tonein
413 1314 441 1364 et
462 1303 648 1367 Aristotelem
665 1308 846 1383 primosque
873 1310 968 1367 musei
995 1308 1188 1367 Alexandrini
1211 1307 1449 1366 bibliothecarios

289 1416 520 1482 nascentemque
543 1425 579 1466 ex
600 1409 785 1484 philosophia
808 1411 997 1486 philologiam
1019 1411 1209 1470 intermediae
1233 1393 1362 1468 historie.
1439 1461 1444 1470 .

302 1502 310 1542 Ὗ
375 1509 439 1577 Quo
462 1511 557 1586 magis
571 1513 719 1585 probatur
741 1530 793 1572 eos
817 1528 935 1588 quoqne
957 1511 1048 1584 libros
1067 1499 1122 1585 ¹qui
1146 1511 1201 1569 soli
1225 1512 1301 1574 inter
1323 1527 1375 1568 eos
1398 1510 1448 1584 qui

270 1611 411 1686 'genuini
434 1609 581 1689 habentur
607 1616 687 1674 omni
711 1623 739 1673 et
761 1631 826 1673 cunr
851 1607 956 1674 ceteris
983 1629 1061 1671 nexu
1084 1613 1167 1686 utqui
1189 1613 1346 1686 prooemio·
1362 1614 1450 1686 plane

289 1711 421 1784 destituti
443 1698 472 1774 et
493 1714 663 1774 citationum
686 1718 855 1776 auctoritate
879 1731 979 1774 carere
1001 1717 1145 1787 videntur,
1169 1715 1234 1772 dieo
1258 1716 1349 1773 libros
1372 1717 1450 1773 cele-

291 1815 435 1878 berrimos
458 1817 566 1890 quibus
589 1817 687 1890 ipsum
712 1819 849 1896 organon
877 1817 1094 1877 Aristotelicum
1120 1816 1315 1875 introducitur
1337 1810 1449 1890 quique

198 1923 201 1930 ’
291 1917 493 1976 inscribuntur
518 1911 716 2002 κατηγορίαι
739 1926 774 2003 ιαῖ
796 1916 875 2000 περὶ
897 1907 1084 2000 ἑρμηνείας,
1102 1913 1167 1978 'bos
1193 1918 1283 1992 igitur
1305 1917 1361 1990 ipsi
1384 1917 1452 1974 Ari-·
1500 1917 1512 1988 ᾗ
1576 1911 1584 1978 ἶ

285 2019 387 2106 stoteli
414 2020 575 2078 inveterato
609 2037 710 2082 errore
735 2021 808 2083 falso
835 2023 933 2082 tribui.
979 2023 1116 2080 Veterum
1144 2020 1201 2078 iarn
1226 2019 1451 2098 t'puidamuelut

258 2123 260 2128 '
288 2111 475 2196 Andronicus
499 2121 550 2193 (cl.
576 2122 612 2180 de
633 2123 822 2182 Hermeneut.
847 2123 973 2184 ScbsBr.
991 2122 1043 2196 tlt,
1060 2121 1102 2182 19
1125 2129 1154 2180 et
1175 2121 1245 2178 ibid.
1262 2127 1322 2177 not.
1347 2121 1382 2178 el.
1395 2119 1449 2192 94,

290 2217 329 2278 21
345 2238 420 2302 sqq,
445 2223 481 2280 de
505 2222 602 2296 Catcg.
627 2241 687 2283 non
710 2226 795 2285 tertia
817 2233 899 2298 parte
923 2228 1036 2292 solum¹
1055 2227 1091 2283 dc
1115 2205 1173 2296 qua
1195 2222 1230 2279 cl.
1256 2223 1322 2281 Scb.
1338 2220 1390 2296 81,
1406 2221 1449 2282 27

290 2324 343 2380 sed
367 2325 447 2382 omni
469 2325 544 2384 libro
567 2315 635 2385 Scb.
651 2323 702 2399 33,
719 2323 895 2400 28-o25)
925 2345 994 2386 nurn
1018 2325 1184 2386 Aristotelis
1206 2325 1247 2381 illi
1271 2331 1372 2383 essent
1395 2326 1449 2383 du-

272 2423 434 2498 bitabant,
469 2445 544 2500 quae
579 2445 613 2486 eo
642 2429 758 2503 gravior
791 2431 931 2488 dubitatio
959 2438 1004 2494 est
1037 2430 1116 2502 quod
1150 2441 1187 2484 ex
1214 2426 1331 2484 duobus
1359 2426 1449 2484 buius

290 2513 452 2598 argmmcnti
479 2527 562 2586 libris
589 2529 688 2588 verbis
715 2538 826 2588 tantuna
853 2531 1088 2605 discrepantibus
1110 2532 1189 2588 buno
1212 2543 1300 2601 quern
1322 2528 1449 2601 legimus

291 2625 452 2697 genuinum
475 2643 542 2686 csse
565 2628 730 2688 Aristotelis
753 2632 920 2692 coniectura
943 2641 1055 2691 tanturn
1079 2610 1169 2692 critici
1192 2637 1307 2688 veteres
1323 2622 1450 2687 affirmass

290 2734 392 2816 vorant
416 2729 500 2800 (Scb.
518 2727 568 2804 39,
585 2727 635 2791 25.
652 2729 719 2791 331]
736 2730 803 2805 32).
855 2735 891 2792 Et
916 2735 1002 2795 liber'
1020 2736 1140 2810 quidem
1155 2763 1156 2766 ¹
1170 2725 1248 2815 eropi
1277 2721 1450 2814 ἑρμηνείας

290 2827 323 2900 (i.
337 2843 362 2886 e.
384 2825 463 2914 περὶ
483 2819 720 2916 ἀποφαντικοῦ
743 2820 859 2918 λόγον)
882 2839 918 2896 ad
941 2839 1046 2896 multas
1070 2837 1147 2896 alias.
1165 2815 1314 2894 doctrinae
1327 2832 1449 2890 ‘Aristo
1499 2884 1503 2892 .

288 2929 391 2989 telicae
424 2942 523 3006 partes
555 2938 695 2996 lectorem
729 2943 818 3014 saepe
846 2937 939 2998 reiicit
965 2940 1004 2998 ita
1031 2923 1211 3017 utlioet'de
1233 2946 1448 3009 temporeque
1527 2937 1558 2982 1

178 3033 183 3040 ’
290 3031 417 3104 scriptus
445 3037 484 3096 sit
505 3053 540 3096 ex
564 3039 820 3102 hiscitationibus
843 3042 983 3116 (litandis
1008 3043 1075 3116 Org.
1096 3039 1158 3099 264
1176 3040 1237 3113 sq.)
1272 3037 1342 3096 certi
1375 3020 1465 3097 nibil⁷

208 3125 214 3138 ’
258 3131 260 3135 ’
290 3131 377 3202 plane
401 3131 551 3210 efficiatur,
586 3141 718 3203 videatur
751 3152 848 3203 tarnon
883 3161 1000 3204 ornnem
1030 3145 1088 3203 iam
1114 3143 1256 3200 librorum
1271 3139 1450 3200 Aristotelis
1521 3174 1523 3180 π

290 3232 431 3300 ambitum
459 3227 634 3314 cognovisse
669 3235 726 3317 qui
746 3261 821 3317 quae
849 3245 913 3319 ipse
935 3247 1107 3305 Aristoteles
1141 3236 1219 3326 περὶ
1241 3232 1450 3324 ἀποφάσεως
1492 3244 1496 3254 ’

290 3327 346 3394 καὶ
367 3333 590 3423 καταφάσεως
612 3346 723 3418 passim
746 3347 839 3428 tetigit
861 3348 912 3421 (cf.
936 3349 1061 3422 Metapb.
1079 3343 1108 3418 5,
1125 3345 1153 3403 A.
1171 3344 1202 3416 9,
1216 3345 1247 3412 ,4.
1264 3343 1292 3406 5.
1317 3346 1448 3404 decoelo
1509 3349 1513 3356 '

290 3434 464 3516 1,12etc.)
489 3447 670 3505 monobiblia
698 3458 832 3522 separato
856 3450 1010 3524 explicavit
1033 3449 1195 3522 discipulus
1218 3443 1267 3521 (ut'
1287 3445 1450 3521 categoria-

199 3553 201 3560 ’
289 3557 354 3604 tum
377 3554 479 3606 auctor
505 3541 584 3630 περὶ
597 3545 669 3635 Δτῶν
693 3544 776 3612 κατὰ
797 3543 963 3634 μηδεμίαν
986 3543 1180 3631 συμπλοκὴν
1202 3542 1387 3630 λεγομένων
1408 3549 1448 3611 itu

290 3642 338 3702 bie
358 3642 451 3720 agens
484 3643 560 3731 περὶ
586 3649 652 3710 τῶν
674 3646 758 3713 κατὰ
781 3645 975 3737 συμπλοκὴν
995 3639 1107 3734 tayop.
1142 3653 1171 3711 in
1206 3653 1314 3725 quibus
1345 3659 1449 3711 veruta

291 3750 320 3800 et
341 3744 448 3806 falsunr
471 3753 608 3825 cernitur,
632 3756 667 3812 cl.
693 3755 752 3816 Cat.
777 3758 836 3814 cal
860 3765 889 3816 ct
911 3760 947 3815 de
971 3756 1119 3830 interpret.
1137 3753 1167 3825 1,
1197 3751 1449 3813 etiamCat.13b

175 3893 178 3900 .
255 3875 257 3879 ·
292 3841 342 3904 10.
360 3845 409 3908 13.
434 3853 568 3941 diversus
591 3864 688 3926 tamen
711 3866 813 3916 auctor
834 3859 943 3922 abillo
967 3858 1013 3918 eui
1036 3859 1092 3916 alio
1109 3859 1200 3917 sensu
1220 3845 1334 3937 πρώτη
1351 3845 1451 3916 οὐσία

294 3951 419 4010 sunntur
452 3957 486 4014 cl.
510 3957 603 4018 Waltz
627 3959 695 4032 Org.
719 3957 748 4032 1,
763 3957 841 4020 363.
875 3960 922 4018 Ar.
950 3977 979 4033 p.
1000 3957 1054 4033 23,
1072 3960 1122 4018 24.
1147 3961 1214 4018 Scb.
1230 3954 1282 4028 33,
1297 3953 1339 4015 36
1356 3959 1448 4030 squ).

292 4053 406 4114 Etenim
441 4068 509 4132 post
536 4061 708 4138 Aristotelis
741 4063 937 4136 Metapbysica
972 4062 1129 4137 scripsisse
1152 4069 1310 4119 auctorem
1343 4073 1381 4144 ex
1414 4075 1449 4116 eo

292 4171 392 4216 sumas
417 4165 494 4233 quod
519 4163 548 4220 in
572 4163 824 4237 argumentatione
841 4165 957 4238 capituli
971 4163 1012 4224 12
1027 4172 1174 4237 tamquam
1188 4147 1343 4221 notissimo
1353 4161 1452 4218 utitur

292 4274 327 4316 eo
352 4265 431 4332 quod
454 4265 484 4325 in
509 4265 593 4322 tertio
617 4266 882 4341 Metapbpsicorunr
909 4269 1139 4326 demonstratur:
1169 4254 1262 4350 oillei
1281 4255 1346 4346 μην
1368 4251 1451 4323 ἀδύ-

100 4415 103 4422 ,
197 4411 199 4416 .
294 4379 394 4426 νανον
416 4359 499 4425 κατὰ
521 4358 582 4426 τοῦ
605 4356 709 4426 αὐτοῦ
736 4358 972 4450 ἀληθεύεσθαι
995 4362 1054 4442 τὰς
1077 4360 1305 4444 ἀντικειμένας
1328 4355 1452 4448 φάσεις

296 4461 377 4532 (aaa
395 4463 449 4551 aa
468 4469 503 4526 a.
520 4467 571 4541 να,
589 4467 617 4528 1.
635 4467 700 4526 ela
716 4467 744 4562 a.
769 4473 804 4530 α.
822 4472 909 4532 aaran
926 4475 949 4531 a
967 4469 1007 4531 13
1024 4454 1119 4532 aaa
1135 4472 1259 4544 lletapn.
1271 4467 1360 4554 ,aar
1391 4469 1450 4528 nea
