3228 5228
730 417 790 480 105

182 601 211 650 ct
237 581 452 650 Platonicorum
485 589 536 664 qui
551 633 553 638 ,
570 591 795 648 dominabantur
822 591 852 648 in
881 593 985 664 vulgus
1015 592 1079 666 latis
1108 591 1338 664 delinitionibus,

182 695 263 752 relut
284 695 321 752 dc
344 693 459 752 animae
481 689 613 766 partibus
637 691 713 766 (lith.
726 691 759 749 N.
774 688 802 763 1,
816 689 880 766 13),
910 694 946 750 de
968 692 1074 766 triplici
1097 694 1244 753 bonorum
1268 694 1341 752 divi·

183 793 267 853 sione
291 803 319 853 et
342 795 400 852 rita
422 797 507 866 beata
530 791 615 871 (dud.
628 793 735 865 Etb.'2,
748 793 776 852 1.
801 794 836 854 cl.
850 795 914 852 mh.
928 794 988 851 Nic.
1002 792 1031 866 1,
1044 791 1073 854 8.
1090 794 1173 853 Polit.
1188 793 1258 868 7,1.
1275 795 1340 854 Etb.

183 897 215 954 N.
230 893 259 966 1,
272 892 315 972 3),
340 898 377 954 de
390 897 466 955 'idea
480 897 557 954 ¹boni
581 903 610 954 et
631 896 752 954 omnino
776 898 812 954 de
835 896 910 954 ideis
934 896 1019 970 (lind.
1034 897 1098 954 lith.
1117 895 1146 968 1,
1163 895 1192 956 8.
1216 898 1341 970 hletapb.

184 997 292 1076 12,1),
317 997 353 1056 de
376 1013 475 1056 rerum
497 997 681 1070 publicarum
704 997 805 1057 termis
822 985 953 1068 diversis
977 994 1072 1073 (Polit.
1085 995 1119 1076 3,
1128 996 1157 1056 6.
1181 995 1216 1068 qi.
1229 1006 1345 1068 praeter

184 1101 295 1159 Platon.
319 1095 422 1158 eadem
449 1099 511 1158 iere
534 1099 613 1174 apud
635 1099 769 1172 Xenoph.
792 1107 822 1157 ct
846 1097 964 1176 isone),
1000 1100 1036 1157 de
1065 1097 1235 1158 discrimine
1268 1098 1344 1156 inter

184 1190 322 1281 ποίησιν
344 1208 373 1258 ct
394 1193 518 1281 πρᾶξιν
541 1197 617 1278 (Eth.
634 1197 714 1277 Ν.6,
730 1200 780 1278 4),
815 1201 852 1258 de
881 1199 1023 1272 temporis
1050 1199 1220 1258 delinitione
1243 1201 1342 1277 (Phys.

181 1302 215 1375 4,
234 1301 301 1377 10);
326 1309 402 1374 quac
424 1317 528 1361 omnes
552 1303 671 1360 luerunt
692 1300 858 1360 Platonicae
874 1299 1063 1374 quaestiones
1079 1301 1109 1358 in
1125 1302 1231 1376 vulgus
1247 1310 1343 1374 notae,

185 1406 221 1466 ab
245 1403 521 1474 oratoribusetiam
544 1414 573 1464 ct
594 1403 736 1477 sophistis
759 1409 969 1476 occupatae-et
991 1404 1049 1461 lere
1062 1419 1248 1462 communes:
1273 1420 1345 1476 qua·
1408 1481 1410 1486 s

141 1513 148 1528 '
187 1514 307 1582 propter
329 1506 393 1564 lith.
416 1507 490 1566 Eud.
508 1504 571 1581 1,8
594 1495 626 1566 οἱ
648 1497 743 1566 κατὰ
756 1494 965 1588 φιλοσοφίαν
988 1495 1083 1585 λόγοι
1097 1505 1115 1562 i.
1134 1521 1159 1562 c.
1177 1521 1279 1562 eorum
1296 1502 1346 1578 qui

9 1599 10 1644 ἕ
98 1691 101 1693 -
185 1619 256 1668 tunc
278 1599 361 1666 erant
382 1607 587 1682 philosophiae
609 1607 741 1681 magistri
764 1607 980 1666 Platonicorum
1000 1595 1346 1688 (ο1.ολέντοῖςλόγοις
1437 1637 1440 1642 ·

186 1713 204 1769 i.
230 1727 255 1769 e.
279 1707 419 1770 Platonici
446 1709 579 1767 idearum
607 1710 739 1782 magistri
762 1709 885 1781 bletapb.
906 1706 936 1780 8,
952 1705 1058 1780 8’6ο.;
1092 1697 1234 1769 οἱκατὰ
1262 1704 1345 1792 φιλ,

185 1805 227 1873 τοὶ
255 1804 339 1872 κακοὶ
367 1804 439 1893 φιλ.
473 1811 491 1868 i.
517 1826 541 1869 e.
570 1797 753 1884 philosophi,
788 1809 1056 1883 philosopharnata,
1091 1825 1158 1882 opp.
1192 1803 1234 1870 κά
1261 1805 1344 1871 κατὰ
1394 1849 1397 1856 ,

184 1908 307 1994 τέχνην,
330 1907 372 1974 coi
394 1906 478 1972 κατὰ
502 1906 611 1996 φύσιν,
635 1913 670 1970 cl.
695 1914 732 1970 de
755 1919 827 1985 part.
852 1908 941 1981 αα.1,
954 1908 983 1967 1.
999 1909 1083 1968 Polit.
1097 1906 1126 1982 3,
1140 1909 1190 1970 12.
1203 1909 1233 1984 8,
1247 1909 1345 1990 7σια.)

187 2025 217 2075 et
239 2009 429 2096 ἐξωτερικαὶ
451 2005 547 2096 λύγοι
562 2013 599 2088 ti.
624 2032 649 2074 e.
674 2014 762 2072 iidem
785 2012 1002 2070 Platonicorum
1026 2019 1172 2085 quatenns
1195 2011 1346 2088 in'vulgus
1419 2023 1420 2026 ’

189 2125 340 2175 manarant
368 2123 450 2174 extra
476 2117 692 2190 philosophiam
715 2111 882 2188 sermones)
912 2126 971 2172 una
994 2113 1222 2198 coniunguntur.
1266 2118 1346 2177 Idem
1427 2097 1429 2104 ¹

188 2218 278 2292 igitur
299 2223 371 2275 sunt
399 2207 432 2276 oi
454 2207 643 2300 ἐξωτερικαὶ
669 2207 764 2296 λύγοι
795 2225 882 2291 atque
914 2207 946 2277 oi
972 2209 1006 2277 ἐν
1032 2213 1130 2298 κοινῷ
1159 2207 1348 2298 γιγνόμενοι

188 2319 242 2395 (ita
265 2319 344 2388 enim
367 2320 551 2392 appellantur
574 2320 672 2378 dean.
690 2315 719 2390 1,
736 2319 757 2376 4
779 2319 944 2377 Platonicae
967 2335 1002 2376 ex
1019 2319 1175 2376 Phaedone
1191 2325 1347 2394 argumen-

188 2421 315 2480 tationes
352 2428 455 2478 contra
487 2413 717 2478 lleracllteorurn
754 2429 783 2480 et
816 2421 997 2479 medicorum
1031 2428 1059 2478 et
1092 2421 1277 2492 Empedoclis
1312 2422 1348 2480 de

168 2521 288 2580 ·anima
321 2537 396 2595 quae
430 2523 469 2580 sit
502 2523 715 2580 contrariorum
742 2521 779 2580 'in
807 2539 930 2596 corpore
958 2522 1172 2602 elementorum
1197 2521 1349 2584 harmonia

191 2621 376 2694 sententiani,
400 2639 460 2681 non
483 2623 832 2699 illam‘Pythagoreormn
856 2631 888 2681 ut
910 2623 1042 2682 Plotinus
1070 2624 1155 2681 etiam
1184 2625 1262 2682 hunc
1285 2624 1349 2683 sine

193 2724 283 2784 dubio
296 2710 393 2782 lacurn
406 2725 569 2798 respiciens
582 2727 717 2784 sumebat
728 2727 758 2798 4,
772 2723 800 2797 7,
812 2721 834 2785 8
850 2743 877 2799 p.
894 2723 958 2784 862
972 2724 1028 2794 Cr,
1046 2725 1080 2780 cl.
1096 2725 1198 2782 Philol.
1212 2724 1274 2784 177
1284 2742 1348 2800 sqq.

192 2829 243 2902 qui
266 2827 353 2886 etiam
375 2827 406 2884 in
428 2805 543 2885 animae
565 2828 724 2906 tripartitae
747 2826 792 2884 rel
809 2827 1035 2900 quadripartitae
1050 2826 1205 2898 tribusque
1218 2827 1350 2900 corporis

66 2975 69 2986 ,
192 2932 239 2990 vel
260 2938 388 3004 quatuor
410 2930 529 3003 organis
552 2929 663 2988 inditae
684 2928 790 3004 placito
814 2927 893 3000 apud
904 2912 1030 2984 Boeckh.
1048 2944 1076 3000 p.
1093 2921 1165 2986 150.
1182 2927 1244 2988 191
1268 2931 1348 3003 quod

193 3029 383 3108 Pythagoreis
406 3039 554 3104 tamquam
571 3031 701 3090 Platonis
724 3029 872 3104 magistris
895 3029 1024 3088 tribuere
1048 3031 1153 3100 solent,
1177 3032 1211 3088 cl.
1236 3039 1352 3104 praeter

9 3181 10 3220 3
119 3181 124 3188 .
192 3137 354 3209 fragmenta
376 3134 459 3192 Plau:
470 3136 518 3208 pb.
534 3135 564 3207 4,
580 3136 615 3192 4.“
627 3137 657 3206 t,
674 3131 703 3194 5.
716 3132 855 3193 Posidon.
873 3132 934 3191 Gal.
954 3133 984 3206 V,
1001 3129 1074 3193 478.
1090 3130 1153 3192 425
1166 3141 1231 3207 etc,
1255 3135 1351 3195 Plato·

193 3237 278 3296 nicus
292 3245 337 3295 est
349 3237 493 3310 cuiusque
505 3238 604 3296 verbis
616 3270 657 3278 -
673 3238 752 3295 velut
764 3235 861 3310 quoad
871 3234 1030 3308 imaginent
1044 3235 1125 3294 vocis
1137 3227 1271 3316 ῥίζωσις
1283 3231 1349 3310 οροζ

195 3327 363 3422 cadavera
388 3339 487 3396 Galen.
505 3338 537 3410 V,
551 3333 615 3397 531
629 3355 673 3412 sq.
698 3340 733 3397 cl.
751 3335 912 3398 656199.
942 3338 977 3394 cl.
1003 3337 1105 3411 Chrys.
1129 3354 1174 3411 ap.
1199 3339 1260 3396 Gal.
1278 3335 1349 3397 288.

195 3439 267 3502 362.
302 3441 393 3499 Alcin.
411 3457 436 3499 c.
453 3438 503 3500 17.
538 3441 625 3500 Arist.
651 3441 687 3500 de
710 3457 776 3514 gen.
796 3441 846 3498 an.
868 3439 901 3510 2,
919 3437 948 3497 7.
965 3435 1121 3498 745625.
1156 3438 1192 3496 cf.
1209 3436 1282 3508 740,
1299 3437 1350 3498 26.

196 3545 233 3602 de
255 3551 328 3617 part.
351 3557 397 3600 an.
414 3541 444 3614 2,
460 3540 489 3601 3.
507 3539 579 3613 650,
596 3539 790 3602 18-2ὅοιο.
813 3571 856 3583 -
889 3555 925 3597 ex
950 3537 1037 3595 Arist.
1066 3545 1095 3595 et
1123 3539 1234 3598 Galeno
1261 3542 1353 3598 multa

195 3644 515 3719 possunteomparari,
539 3644 574 3702 cl.
600 3643 686 3700 etiam
709 3642 835 3700 similem
858 3640 1005 3714 quandam
1028 3639 1203 3700 divisionem
1223 3641 1354 3700 Pseudo·

196 3747 379 3822 Pythagorici
402 3763 447 3820 ap.
472 3746 504 3803 D.
521 3747 552 3804 L.
565 3743 596 3817 8,
609 3741 660 3804 30.
678 3744 749 3801 Tim.
762 3745 846 3802 Lacr.
860 3761 888 3817 p.
901 3740 1061 3816 90-100)
1086 3750 1114 3800 et
1135 3737 1177 3804 τὰ
1198 3734 1353 3826 ἐγκύκλια

196 3847 246 3926 (el.
267 3841 310 3909 cd
333 3840 487 3929 ἐγκύκλια
520 3848 537 3906 i.
562 3863 587 3905 e.
616 3850 819 3921 phaenomena
847 3854 915 3904 nota
938 3851 967 3902 ct
988 3845 1119 3917 vulgaria
1141 3846 1352 3922 llleteor.1,1.

197 3941 352 4033 ἐγκύκλια
381 3939 609 4032 διακονήματα
631 3949 715 4008 Polit.
732 3947 762 4022 1,
778 3945 875 4024 7etc.)
904 3937 1170 4030 φιλοσοφήμαια
1197 3948 1247 4026 lde
1270 3952 1353 4011 coelo

198 4054 228 4125 1,
244 4055 264 4115 9
288 4057 325 4114 dc
348 4071 383 4113 co
407 4055 485 4127 quod
510 4054 584 4110 deus
607 4053 645 4110 sit
666 4049 866 4123 immutabilis,
879 4051 952 4108 ‘mh
969 4049 1002 4107 N.
1019 4048 1048 4122 1,
1065 4047 1107 4124 3).
1124 4115 1125 4118 ,
1153 4052 1251 4122 Quom
1267 4053 1355 4128 igitur

198 4159 383 4232 dialogorum
406 4171 524 4230 quoque
546 4164 695 4214 auctorem
718 4156 823 4213 docere
850 4152 983 4210 viderent
1013 4154 1174 4212 sententias
1197 4169 1272 4228 qnae
1295 4169 1355 4210 non

200 4266 302 4318 essent
325 4257 522 4318 Aristotelis
515 4275 604 4316 immo
627 4257 797 4330 vulgaribus
820 4262 848 4313 et
870 4254 1027 4313 Platonicis
1049 4255 1178 4329 aptiores
1202 4252 1249 4331 (cf.
1273 4255 1353 4312 Alex
1440 4333 1442 4340 γ

201 4378 246 4435 ap.
271 4361 371 4420 David.
395 4349 740 4420 indescensibiles
772 4349 806 4417 ἐν
838 4353 909 4430 τοῖς
942 4347 1201 4440 ἆκροαγιαιικοῖς
1230 4350 1271 4421 τὰ
1299 4353 1354 4418 do-

203 4481 323 4525 κοονια
352 4452 439 4544 αύιῷ
462 4455 550 4542 λέγει
577 4456 634 4523 καὶ
663 4456 704 4523 τὰ
729 4450 902 4542 ciqdri,
887 4475 920 4522 ev
942 4455 979 4522 de
999 4458 1054 4554 f*
1110 4540 1134 4551 .—
1348 4452 1355 4473 “
