2954 5034
688 327 744 388 st

139 497 256 550 ceteros
273 494 467 552 ullaidouea
488 504 536 554 est
558 511 648 554 causa
670 510 723 558 cur
738 501 865 557 eosdem
889 511 1027 573 putemus
1051 520 1117 560 cunr
1135 505 1300 565 Aristotelis

141 591 190 664 qui
212 592 291 651 idem
313 605 517 668 argumentum
541 606 666 657 tractant
688 599 862 672 Topicorum
885 611 970 661 sexto
988 613 1017 663 et
1028 613 1133 665 octavo
1149 608 1299 680 (Braudis

139 694 312 754 Aristoteles
327 699 348 771 l,
364 695 415 757 79.
431 696 489 771 88)
519 717 615 774 quum
647 700 746 773 potius
780 703 912 761 omnium
943 723 1021 778 quos
1051 709 1187 767 recessui
1216 725 1300 768 occa-

86 783 88 785 *
136 796 254 854 sionem
277 806 388 856 tautum
412 802 636 875 argumentique
652 802 798 860 rationem
813 805 1002 876 praehuerint
1017 808 1122 881 Topica
1130 812 1299 884 ,horumque

135 914 199 970 quo
212 900 380 962 „uniuersus
403 901 571 960 dialecticae
588 903 720 961 authitas
745 905 921 976 describitur
940 908 1150 981 tttcrprimus.
1186 913 1297 970 Etenim

134 1015 232 1071 quum
255 1017 359 1059 omues
383 1003 596 1076 disputationes
619 1005 690 1063 liant
704 1020 740 1061 ex
755 1006 1019 1080 propositionibus,
1043 1026 1118 1082 quae
1134 1013 1298 1069 secuudum

130 1103 218 1174 rquod
247 1103 325 1161 varie
352 1106 548 1164 euuuciautur
574 1114 624 1164 aut
646 1095 828 1188 προτάσει-ς
850 1108 987 1166 dicuutur
1008 1118 1058 1168 eut
1076 1102 1299 1193 προβλήματα

135 1210 189 1260 aut
210 1197 342 1278 decere,
375 1208 595 1281 propositiones
621 1223 691 1265 vero
719 1208 784 1266 siue
809 1208 951 1282 quidquid
979 1210 1086 1284 aliquis
1112 1212 1149 1270 de
1170 1213 1298 1286 ¹quedam

140 1318 172 1360 ro
202 1313 253 1363 urit
284 1305 361 1364 circa
394 1325 454 1367 rem
483 1310 512 1367 iu
542 1309 719 1382 disputando
746 1310 884 1383 proponit
918 1311 1063 1384 significet
1085 1314 1153 1372 eius
1180 1315 1222 1373 rei
1250 1323 1299 1375 aut

134 1394 217 1483 faho-r
242 1412 293 1465 aut
318 1397 409 1468 ἴδιον
434 1418 485 1468 sut
511 1403 604 1490 γένος
626 1419 676 1468 aut
697 1401 920 1493 συμβεβηκός,
955 1429 1043 1485 porro
1071 1416 1161 1474 uerba
1188 1416 1312 1503 quibus

138 1506 242 1564 horum
266 1505 392 1581 quatuor
418 1527 510 1569 uuum
537 1527 655 1585 semper
681 1514 867 1586 praedicetur
894 1514 1029 1587 pluribus
1056 1516 1154 1574 modis
1181 1517 1297 1590 possint

137 1607 260 1681 intelligi
288 1615 452 1670 secundum
480 1614 582 1672 decem
609 1614 849 1687 praedicabilium
873 1623 1031 1688 generaret
1055 1605 1296 1694 qussi'dpormr.

131 1698 216 1782 μίας
243 1714 363 1785 modos,
395 1732 490 1788 qmuu
513 1716 601 1788 igitur
632 1723 665 1772 ut
691 1716 727 1773 ud
747 1724 876 1789 quatuor
899 1717 948 1774 illa
969 1718 1127 1775 evertenda
1146 1719 1297 1793 falsasque

133 1812 355 1883 ‚propositiones
378 1817 546 1875 relutandas
568 1805 701 1888 τόπους·
711 1825 740 1875 ct
750 1807 994 1900 ἐπιχειρήματα
1008 1817 1146 1887 iuveniat,
1170 1835 1296 1892 quorum

136 1913 241 1971 modos
264 1916 382 1988 quidem
406 1919 476 1977 dicit
498 1920 568 1992 Top.
583 1920 618 1991 ll,
643 1917 716 1992 ipsa·
729 1931 799 1976 vcro
819 1921 889 1994 Top.
902 1920 1017 1978 tlt-Vt
1038 1921 1122 1992 (Top.
1135 1919 1173 1976 lll
1191 1910 1296 1982 τόποι

137 2006 224 2091 πρὸς
245 2008 284 2076 ad
308 2012 523 2100 συμβεβηκὸς,
549 2022 587 2077 lV
608 2011 713 2080 τόποι
737 2013 824 2100 πρὸς
844 2015 883 2082 τὸ
903 2015 1009 2103 γένος,
1039 2020 1063 2076 V
1082 2010 1188 2084 τόποι
1209 2017 1296 2105 πρὸς

133 2109 173 2176 τὸ
196 2106 297 2190 ἴδιον,
320 2120 361 2207 Vl
376 2112 480 2180 τόποι
503 2113 590 2196 πρὸς
611 2114 689 2192 τούς
712 2110 840 2202 ὅρους),
869 2124 944 2181 heuc
965 2130 1077 2193 ¹gnarus
1101 2136 1168 2180 esse
1192 2125 1296 2183 deheat

123 2218 305 2279 ‹ittrtecrtcus
325 2227 358 2278 et
380 2223 486 2280 similia
509 2221 708 2297 cognoscendi
727 2230 760 2279 et
782 2221 955 2302 secernendi
979 2220 1095 2278 diversa
1111 2222 1296 2297 omninoque

120 2305 317 2393 ··iutclligendi
337 2336 430 2395 sagax
446 2331 531 2396 quot
555 2322 626 2396 quid
648 2323 744 2380 modis
767 2322 960 2396 categoriisve
983 2320 1096 2378 dicatur
1118 2321 1296 2398 (ποσαχῶς

132 2414 274 2482 ἕκαστον
295 2415 442 2500 λέγεται)
470 2424 532 2481 sive
561 2423 629 2497 quia
658 2412 833 2500 ὁμώνυμον
862 2430 908 2481 est
935 2429 985 2480 aut
1011 2413 1050 2482 ad
1075 2414 1295 2503 προκείμενον

135 2531 185 2580 aut
207 2525 287 2596 quod
312 2523 383 2581 eius
408 2532 454 2582 est
481 2525 660 2583 contrarium
690 2525 752 2583 sive
781 2525 837 2584 alio
866 2523 1034 2594 mododof.
1047 2522 1077 2595 2,
1091 2524 1140 2596 3),
1165 2525 1233 2598 ipse
1252 2528 1293 2586 dte

123 2625 307 2683 ‘aristoteles
329 2625 472 2684 lihrorum
494 2643 511 2684 a
532 2626 688 2700 discipulis
712 2628 857 2685 editorum
883 2623 1012 2686 rationes
1035 2625 1119 2697 qussi
1143 2627 1295 2687 dertcrmi-

133 2728 222 2798 nevit,
247 2727 296 2800 qui
320 2734 370 2785 aut
391 2727 542 2785 rosteriam
565 2727 730 2787 disserendi
754 2728 926 2801 colligerent
942 2732 998 2782 aut
1020 2733 1121 2784 contra
1143 2718 1293 2788 eamear·

131 2818 330 2910 χωρήματα.
375 2827 469 2901 Atque
496 2827 527 2884 hi
555 2826 675 2902 quidem
698 2837 767 2888 suut
788 2828 837 2886 isti
854 2814 960 2887 ditor
980 2817 1095 2904 βίβλοι
1118 2844 1193 2902 quos
1216 2825 1294 2914 περὶ

133 2928 193 3012 τῆς
212 2925 422 3011 διαλεκτικῆς
436 2929 568 2988 edidisse
579 2931 765 2990 Aristotelem
781 2927 873 3003 tangit
889 2930 1055 2991 Alexander
1071 2929 1100 2986 iu
1112 2928 1293 3004 mperes

133 3032 283 3106 similique
305 3031 418 3089 ratione
442 3048 500 3105 qua
521 3031 577 3105 ipsi
598 3034 637 3090 ad
654 3032 834 3090 dialecticam
856 3030 896 3088 ita
915 3032 950 3088 ad
972 3027 1145 3104 analyticam
1160 3032 1294 3104 (cletta-

131 3135 222 3210 lytica
244 3134 294 3191 illa
316 3130 407 3191 nrult'e
428 3134 629 3219 Theophrasti,
652 3134 777 3192 Bmudis
799 3133 853 3191 Rh.
870 3133 947 3191 lttuss
959 3133 982 3203 1,
997 3132 1017 3188 4
1031 3128 1137 3204 pass
1150 3132 1211 3204 sq.)
1227 3149 1294 3205 por·

131 3237 232 3295 itinent
242 3224 467 3316 Δσυλλογισμοί
482 3234 681 3310 (husee),
698 3237 735 3294 ad
750 3233 925 3292 rhetoricam
941 3222 1162 3314 ἐνθυμήματα
1174 3231 1293 3306 (5,24),

135 3340 170 3396 ad
193 3338 345 3412 physicam
369 3325 537 3413 ἀνατομαί
558 3335 603 3409 (5,
619 3335 677 3410 25)
701 3346 755 3395 etc.

217 3441 280 3498 lam
304 3440 329 3497 si
352 3455 427 3511 quac
450 3440 508 3496 huc
531 3455 626 3512 usque
649 3438 808 3496 memoravi
832 3434 1083 3494 aliisauctorihus
1100 3433 1293 3495 adscribendo

129 3557 169 3599 ea
200 3547 233 3596 ut
264 3555 301 3596 ex
334 3538 431 3595 indico
456 3538 640 3596 Aristotelico
674 3544 880 3595 remoueautur
900 3533 1021 3610 ’sufficit
1053 3534 1117 3607 ipso
1148 3534 1291 3595 lihrorrem

134 3640 308 3714 compositio
331 3638 585 3711 hypomnematica
607 3639 765 3698 accedente
788 3635 907 3711 quidem
931 3635 1093 3707 argumenti
1117 3643 1221 3694 nature
1242 3647 1292 3698 aut

132 3742 318 3802 'abhorrentis
341 3755 357 3797 a
380 3738 557 3813 philosopho
584 3756 680 3813 eoque
709 3739 757 3812 qui
787 3739 823 3796 ah
851 3736 960 3796 artium·
984 3735 1167 3809 singularum
1189 3738 1291 3810 peritis

135 3832 260 3918 quorum
294 3841 503 3916 experimentis
536 3850 566 3901 ct
593 3840 849 3900 observationibus
880 3837 973 3895 utitur
998 3837 1165 3912 philosophi
1193 3847 1290 3901 tamen

135 3947 232 4007 studia
255 3945 409 4018 diligenter
432 3944 567 4018 seiungat
592 3952 643 4001 aut
668 3949 701 4000 ut
722 3941 848 3999 maxime
875 3939 906 3997 iu
928 3939 1033 4013 logicis
1059 3941 1106 3998 his
1129 3941 1240 3999 tractati
1262 3949 1292 3999 et

135 4064 170 4105 cx
193 4048 258 4120 ipso
280 4047 436 4105 Aristotele
459 4046 588 4118 repetiti5
616 4045 657 4104 ita
682 4045 713 4101 in
735 4044 771 4102 iis
794 4041 876 4100 lihris
900 4056 1025 4114 quorum
1047 4042 1294 4115 purtim-propter

134 4149 229 4223 ipsam
252 4164 350 4206 rorum
373 4155 506 4206 naturam
529 4149 651 4205 formam
674 4162 749 4219 quac
771 4143 953 4203 collectionis
977 4143 1118 4201 rationem
1140 4142 1291 4216 negligeu-
1396 4134 1397 4137 ’

125 4259 193 4307 >tem
216 4242 321 4307 reserat
341 4264 403 4306 nou
423 4249 635 4322 reprehendas,
659 4248 857 4321 reprehendas
880 4258 950 4301 vero
974 4259 1049 4316 quae
1072 4246 1128 4302 hoc
1144 4242 1290 4300 scribendi
1333 4326 1335 4338 Ι

135 4367 229 4423 genus
261 4351 444 4422 postularent
471 4357 559 4422 atquc
586 4348 793 4420 progignerent
823 4348 904 4420 ipsas
931 4361 979 4403 res
1005 4351 1154 4414 tractatas,
1188 4343 1291 4416 partim

1016 4437 1019 4443 ,
1049 4443 1091 4502 5*
