2954 5048
777 349 840 407 224

234 521 388 580 collatione
409 518 624 577 Chaeremonis
653 517 770 589 (Collat.
794 525 908 591 patrum
925 515 1012 592 teto
1036 508 1081 576 ed.
1096 519 1192 601 Basil.
1216 517 1316 591 1485)
1351 521 1388 577 de

234 624 476 697 philosophorum
510 618 679 692 imaginaria
712 619 836 692 (quippe
868 621 1045 693 voluptatem
1073 628 1111 678 ut
1142 621 1320 693 reprimente
1349 621 1389 679 ita

235 723 428 792 eoncedente)
457 720 586 778 castitate
612 720 728 779 loeutus
756 721 952 779 narrationem
979 723 1068 780 illam*
1085 720 1277 781 eodem'fere
1299 735 1390 793 quam

233 823 497 883 Pseudaristoteles
533 827 635 879 tenore
671 821 710 878 ite
742 818 857 879 retulit:
903 823 1056 897 „Denique
1090 822 1309 881 famosissimus
1331 823 1390 880 ille

235 927 366 1000 ipsorum
390 924 525 982 Socrates
542 922 603 978 hoe
626 930 657 980 ut
680 923 735 995 ipsi
759 924 908 981 celebrant
930 925 966 982 de
989 917 1021 982 s'e
1040 940 1104 982 uon*
1117 923 1232 982 eruhuit
1248 905 1388 997 profiteri.

234 1028 394 1084 Nemeum
418 1024 536 1080 intuens
560 1037 626 1080 eum
660 1024 800 1096 quidam
833 1025 1122 1098 physiognomon
1146 1026 1269 1084 dixisset
1290 1040 1390 1082 omma

234 1130 401 1202 pederastn,
424 1126 480 1181 hoc
502 1132 548 1182 est
570 1125 646 1183 oculi
669 1125 848 1196 corruptoris
870 1141 1040 1198 puerorum,
1065 1135 1093 1185 et
1114 1128 1260 1185 irruentes
1277 1126 1305 1183 in
1320 1140 1389 1183 eum

235 1227 370 1300 discipuli
393 1227 494 1286 ulcisci
517 1216 628 1285 illatum
656 1226 795 1298 magistro
818 1227 926 1284 vellent
949 1226 1128 1299 convicium,
1157 1224 1389 1301 indignationem

235 1347 335 1388 eorum
360 1332 414 1387 hac
437 1329 543 1386 dieitur
564 1328 778 1401 compressisse
795 1328 938 1386 sententia
950 1359 1103 1370 -——-
1116 1329 1146 1386 id
1157 1337 1203 1387 est
1214 1328 1357 1402 quiescite
1371 1344 1389 1385 o

234 1432 362 1503 sodales,
378 1430 493 1489 'etenim
515 1447 582 1488 som
605 1431 657 1488 scd
670 1429 806 1487 contineo
820 1430 921 1501 (mett
947 1429 1113 1502 „Quidam”
1125 1431 1173 1488 ille
1186 1429 1275 1503 igitur
1285 1438 1390 1502 postea

172 1594 174 1598 Α
234 1533 397 1606 appellatus
420 1539 465 1590 est
485 1532 614 1591 Polemo.
658 1531 721 1589 lam
743 1544 812 1588 vero
840 1530 915 1590 sicut
940 1532 969 1589 in
992 1532 1088 1591 tabula
1111 1534 1165 1591 hac
1186 1530 1297 1587 incerta
1320 1539 1390 1588 sunt

234 1642 366 1695 veterum
395 1614 578 1708 quorundam
611 1629 919 1706 physiognomieorum
949 1632 1079 1705 nomina,
1114 1633 1153 1690 ita
1181 1628 1246 1688 libri
1267 1645 1390 1704 quoque

233 1737 284 1810 qui
308 1737 470 1794 secondum
495 1734 650 1807 Origenem
678 1735 756 1806 apud
779 1734 905 1791 Graecos
932 1735 1099 1791 ferebantur
1121 1733 1226 1806 Zopyri
1254 1740 1283 1789 et
1304 1732 1391 1790 Pole-

234 1836 330 1895 monis
356 1844 487 1894 veterum
514 1833 632 1892 illorum
665 1835 834 1892 nominihus
868 1835 990 1907 arreptis
1018 1834 1163 1907 suppositi
1190 1834 1326 1892 videntur
1353 1835 1390 1891 ah

234 1923 402 1997 auctoribus
429 1933 601 2007 Platonicis,
625 1936 660 1993 el.
684 1935 851 1994 Polemonis
874 1935 1084 2008 praefationem
1110 1943 1139 1993 et
1167 1951 1241 2009 quae
1264 1935 1390 2008 Neopla-

233 2040 364 2099 tunicum
392 2039 478 2113 plane
506 2045 654 2097 auctorem
681 2037 810 2109 produnt
836 2036 909 2093 Loxi
937 2036 986 2093 illa
1007 2038 1084 2110 apud
1108 2037 1215 2095 Alhert.
1239 2055 1268 2109 p.
1286 2036 1328 2096 20
1351 2038 1389 2094 de

233 2142 347 2224 animae
369 2142 399 2199 iu
423 2140 565 2213 sanguine
588 2141 659 2197 sede
682 2147 711 2197 et
733 2138 885 2210 spiritibus
908 2138 979 2210 „qui
1001 2138 1135 2195 vehicula
1157 2145 1226 2196 sunt
1247 2139 1389 2197 virtutum

234 2245 327 2315 eius”‚
360 2241 469 2325 ψυχῆς
502 2230 661 2324 ὀχήματα.
704 2226 777 2298 Loxi
811 2241 897 2298 istius
924 2240 973 2312 qui
1002 2247 1152 2312 praeterea
1178 2238 1283 2296 citatur
1309 2239 1389 2311 apud

233 2343 295 2401 Alb.
320 2361 348 2416 p.
365 2343 415 2400 22.
432 2343 482 2402 26.
499 2342 549 2401 27.
566 2340 617 2401 34.
633 2339 750 2401 3536.
769 2339 818 2399 67.
835 2339 885 2399 71.
903 2338 952 2399 76.
970 2339 1021 2411 77,
1044 2342 1216 2413 plerumque
1237 2355 1305 2397 cum
1320 2340 1389 2396 Phi-

214 2445 348 2501 ·lemone
381 2450 431 2499 aut
463 2459 531 2500 eum
564 2444 720 2500 Polemone
744 2441 941 2513 ,coniungitur
973 2442 1117 2498 sententia
1140 2442 1201 2513 (cf.
1228 2441 1262 2498 'in
1285 2441 1388 2499 codice

234 2542 361 2617 quodam
373 2542 573 2618 MarhurgenSi
589 2551 669 2603 tract.
685 2541 900 2616 phisionomiae
913 2541 996 2598 cuius
1009 2549 1110 2599 auctor
1126 2558 1162 2600 ex
1176 2543 1271 2600 trihus
1286 2550 1388 2600 aucto-

233 2645 368 2704 ritatibus
389 2645 461 2702 Loxi
485 2645 590 2704 medici
611 2644 775 2703 Aristotelis
802 2642 969 2717 philosophi
991 2643 1159 2700 Polemonis
1184 2643 1387 2701 declamatoris

233 2766 288 2808 soa
315 2764 348 2807 se
375 2746 501 2820 elegisse
528 2748 675 2820 praelatus
703 2754 748 2805 est
775 2762 833 2804 sec.
857 2745 889 2803 C.
913 2745 942 2803 F.
967 2745 1166 2802 Hermannum
1198 2745 1229 2802 in
1257 2743 1386 2817 Catalog.

233 2850 317 2908 codd.
342 2851 389 2906 lat.
413 2850 556 2922 ltlarhorg.
572 2846 655 2908 1838
668 2867 697 2922 p.
712 2846 757 2921 7).
803 2848 896 2920 Atque
919 2848 991 2904 haec
1014 2846 1133 2919 quidem
1148 2846 1267 2904 nomina
1283 2848 1386 2905 eadem

232 2967 333 3008 revera
355 2967 423 3008 esse
444 2949 623 3022 patetlicet
645 2950 777 3006 diversos
800 2958 935 3007 auctores
948 2947 1102 3005 manifesto
1115 2947 1386 3005 volueritAlhertus

230 3051 274 3122 (p.
292 3049 342 3108 20.
359 3048 416 3121 26)
440 3051 527 3106 modo
551 3052 629 3106 hune
652 3050 739 3105 modo
762 3050 844 3106 illum
867 3049 961 3106 citans
984 3049 1201 3120 (Philemonem
1223 3046 1318 3120 pto.
1332 3045 1384 3106 34.

231 3147 282 3210 35.
300 3149 351 3224 71,
374 3151 560 3208 Palemonem
583 3165 611 3221 p.
628 3146 678 3204 22.
696 3147 746 3206 26.
763 3148 814 3208 27.
830 3146 880 3207 36.
898 3147 948 3210 38.
966 3149 1016 3210 66.
1034 3151 1083 3211 76.
1101 3148 1151 3209 77.
1181 3136 1336 3232 utriusque
1358 3159 1387 3208 et

231 3253 303 3312 Loxi
327 3254 364 3312 de
386 3252 523 3327 prudenti
551 3250 701 3325 signorum
716 3264 786 3308 ‘usu
814 3266 849 3307 ex
865 3253 1023 3327 >prooemio
1052 3262 1085 3311 nt
1106 3253 1221 3310 videtur
1243 3251 1386 3310 librorum

230 3356 405 3414 senteutiam
427 3350 511 3428 ponit
531 3370 559 3426 p.
576 3350 627 3410 26.
651 3353 687 3411 cl.
711 3359 781 3410 extr.
805 3353 894 3410 verba
917 3353 1027 3412 Secreti
1050 3353 1153 3424 Arist.)
1186 3354 1224 3410 ita
1242 3361 1284 3411 ut
1310 3355 1386 3412 duos

230 3465 308 3515 certe
342 3458 433 3515 libros
466 3455 574 3530 legisse
608 3454 794 3528 intelligatur,
828 3455 1026 3529 nequidquam
1061 3455 1127 3513 illos
1161 3464 1193 3513 ut
1225 3457 1386 3528 fragmenta

231 3560 392 3616 ostendunt
423 3559 508 3631 plane
540 3557 661 3614 dissona
686 3557 724 3613 ad
742 3551 895 3613 'Graecum
928 3572 1016 3628 quem
1043 3556 1384 3630 legimus'Polemonem

230 3660 420 3731 pertinentes.
471 3642 602 3728 Quorum
636 3673 713 3715 unus
747 3657 802 3714 fuit
830 3657 856 3714 is
887 3657 937 3730 qui
971 3673 1008 3714 ex
1032 3657 1145 3715 Graeco
1173 3673 1279 3716 versus
1306 3659 1385 3731 apud

231 3759 341 3817 Arabes
363 3759 510 3819 ferebatur
532 3759 803 3835 dephysiognomia
814 3759 993 3817 Philemonis
1006 3760 1062 3830 (ar.
1075 3755 1222 3829 Falimhn)
1239 3758 1385 3831 cuiusque

231 3870 309 3917 nunc
332 3875 449 3933 quoque
477 3869 555 3919 extat
579 3868 677 3918 textus
699 3856 850 3918 Arabicus
869 3860 921 3932 (cl.
944 3860 1081 3919 Wenrich
1102 3875 1130 3932 p.
1147 3856 1219 3918 296.
1247 3859 1383 3918 lischem.

230 3977 275 4035 ap.
300 3961 435 4038 Hadschi
450 3962 503 4020 llh.
519 3962 550 4033 4,
567 3958 638 4021 589.
662 3962 883 4020 llhullaradsch.
908 3962 975 4019 hist.
999 3962 1112 4033 dynast.
1136 3952 1165 4034 p.
1179 3958 1220 4020 56
1243 3961 1310 4019 Poe.
1335 3961 1385 4034 qui

229 4063 460 4123 deJPhilemone
484 4062 667 4136 Hippocratis
694 4065 810 4137 aequali
836 4071 992 4137 postquam
1019 4061 1386 4122 llschemaleddinumrse-

229 4175 316 4225 cutus
343 4166 419 4225 sieut
440 4164 567 4222 Hadschi
590 4165 644 4224 llh.
666 4167 696 4238 4,
714 4163 834 4239 hdhsq.
863 4165 989 4222 sahulem
1022 4162 1101 4220 illam
1126 4164 1252 4223 narravit
1279 4164 1319 4222 ita
1346 4164 1386 4221 ait

162 4331 166 4339 ¹
229 4270 302 4341 „Est
322 4269 364 4327 illi
386 4271 442 4328 hoe
464 4266 494 4326 in
517 4281 624 4340 genere
647 4269 721 4328 liher
743 4268 828 4327 euius
847 4265 1000 4337 exemplar
1027 4254 1104 4339 apud
1128 4282 1183 4324 nos
1204 4266 1305 4339 lingua
1330 4264 1384 4338 Sy-

228 4371 305 4428 riaca
328 4373 455 4445 extat”);
478 4385 576 4445 aquo
600 4373 701 4430 neseio
724 4388 761 4430 an
778 4371 920 4428 diversus
943 4366 1031 4425 merit
1054 4368 1079 4425 is
1096 4378 1190 4440 ‘quem
1215 4383 1281 4425 cum
1297 4365 1384 4423 Bazis
