2992 5032
757 366 820 425 tte

213 541 407 616 integritatem
430 547 479 599 aut
501 540 626 613 antiquit
643 547 702 596 tem
725 537 886 608 illustrent3
901 517 948 594 ita
969 538 1072 594 textus
1091 549 1179 607 quem
1202 546 1282 592 nunc
1296 529 1375 606 legi-

212 661 278 702 mus
302 643 519 716 Categoriarum
543 640 699 712 antiquitas
723 640 799 699 edita
822 640 981 696 aZenlero
998 637 1136 696 versione
1148 636 1270 693 Arabica
1282 651 1374 708 quam

213 762 249 803 ex
279 746 389 804 Graeco
423 744 492 801 fecit
524 743 608 799 Isbac
641 741 702 798 Ben
731 740 845 800 Honeiu
880 739 942 815 (erl.
966 741 1045 814 Lips.
1070 736 1170 814 1846)
1207 737 1376 795 luculenter

212 848 431 920 curnprobatur:
456 846 543 903 babet
565 843 643 903 enim
668 851 696 900 et
718 843 810 901 Arabs
833 842 966 901 codicum
990 841 1068 898 illam
1091 836 1178 912 quoru
1202 837 1374 912 Simplicius

213 959 294 1009 notat
327 946 407 1025 (Sclr.
428 943 567 1024 51b38)
600 935 843 1027 δισσονραφιάν
870 962 894 1003 o.
912 941 940 1004 5.
959 941 1037 1002 abe
1072 939 1120 1020 (cl.
1145 949 1205 999 not.
1229 941 1317 998 Bekk.
1342 947 1374 999 et

214 1054 301 1110 Zenlr.
326 1068 353 1123 p.
371 1049 422 1122 24,
438 1049 467 1109 t.
492 1050 561 1107 itern
584 1049 671 1105 babet
693 1026 785 1104 verba*
805 1049 967 1106 aBeAkero
991 1045 1097 1103 reiecta
1112 1061 1140 1117 p.
1157 1043 1200 1102 2b
1213 1039 1263 1102 38.
1280 1043 1371 1126 Zenk.

214 1149 323 1228 223).
370 1152 434 1218 Quo
463 1151 550 1208 simul
585 1149 720 1221 specioso
756 1150 890 1221 exemplo
919 1146 1104 1207 librariorum
1131 1146 1219 1204 medii
1248 1144 1311 1205 aevi
1339 1145 1372 1202 in

213 1265 294 1314 textu
317 1255 504 1326 antiquorum
534 1260 687 1309 arretornrn
714 1251 819 1308 tradito
848 1252 991 1308 servando
1016 1249 1117 1325 religio
1143 1251 1372 1320 demonstratur,

215 1357 322 1432 quibus
352 1354 489 1412 omnibus
516 1369 569 1426 pro
597 1354 661 1426 lege
690 1359 751 1410 erat
777 1354 806 1412 id
830 1354 909 1426 quod
937 1353 1009 1410 dixit
1035 1352 1085 1425 qui
1108 1351 1182 1409 libre
1206 1352 1242 1408 de
1265 1349 1375 1423 Gorgia

215 1457 390 1532 subscripsit
403 1454 504 1533 (Bekis.
517 1451 629 1532 peteo)
653 1455 740 1512 verba
763 1457 812 1514 illa
834 1445 950 1527 καθώς
972 1447 1033 1535 γὰρ
1057 1442 1125 1535 ὁρῶ
1141 1441 1371 1536 οῧπνγράφω.

214 1563 348 1619 Attamen
376 1566 405 1615 et
433 1565 585 1631 corruptae
611 1557 640 1614 in
669 1556 807 1614 omnibus
836 1556 955 1615 Graecis
989 1557 1205 1629 exemplaribus
1233 1554 1371 1613 lectionis

213 1650 376 1721 remedium
405 1675 626 1732 nonnumquam
655 1675 692 1714 ex
713 1657 836 1715 Arabica
869 1659 1005 1717 versione
1033 1659 1173 1731 sumitur,
1208 1660 1286 1717 velut
1308 1659 1372 1716 Cat.

214 1781 242 1836 p.
261 1760 345 1834 6,21
382 1759 429 1835 (cf.
453 1755 567 1818 Boethii
595 1776 671 1818 vers.
696 1766 724 1816 et
747 1761 834 1817 Zenk.
851 1758 902 1832 45,
920 1760 952 1839 l.)
986 1760 1036 1820 ubi
1071 1777 1107 1819 ex
1133 1760 1246 1833 prolixo
1281 1759 1372 1818 buius
1464 1775 1466 1778 ·

104 1857 106 1860 ⁴
213 1863 342 1922 aucturis
365 1877 457 1933 more,
480 1862 519 1919 ita
541 1861 660 1933 quidem
683 1868 850 1932 comparato
874 1869 981 1935 utque
1005 1862 1097 1936 nragis
1110 1865 1223 1936 prolixa
1234 1862 1319 1921 lectio
1332 1861 1373 1920 sit

215 1982 250 2024 eo
273 1966 334 2022 lere
357 1965 395 2022 sit
416 1979 502 2022 verae
526 1963 658 2031 similior,
682 1963 838 2034 legendum
852 1971 910 2020 est:
935 1949 1007 2025 οἷον
1025 1957 1067 2024 τὰ
1089 1955 1165 2048 τρία
1179 1963 1244 2025 τῶν
1260 1959 1371 2039 πέντε,

214 2056 293 2130 οὐδὲ
321 2060 450 2144 μᾶλλον
480 2059 522 2127 τὰ
549 2056 624 2148 τρία
651 2061 717 2124 τῶν
738 2056 838 2124 πέντε
865 2055 945 2126 οὐδὲ
970 2060 1012 2125 τὰ
1041 2059 1140 2127 πέντε
1167 2065 1233 2128 τῶν
1258 2063 1371 2148 apetie.

214 2171 251 2229 Ut
271 2185 342 2229 vero
365 2184 400 2226 ex
424 2171 479 2228 boc
503 2167 720 2241 categoriarum
747 2167 893 2227 versionis
916 2171 1050 2243 exemplo
1079 2170 1196 2243 optimis
1220 2171 1371 2230 codicibus

199 2282 244 2331 ‘et
276 2271 463 2329 Bekkerianis
496 2272 557 2328 lere
592 2271 766 2329 lectionibus
802 2266 850 2345 (cl.
874 2271 961 2329 Zenk.
985 2289 1013 2345 p.
1034 2270 1085 2344 at,
1102 2272 1131 2329 2.
1153 2269 1203 2344 72,
1220 2270 1249 2332 3.
1271 2270 1321 2342 76,
1339 2271 1371 2330 2.

215 2375 266 2449 77,
283 2375 312 2434 1.
329 2373 380 2446 77,
397 2374 425 2432 2.
442 2371 494 2443 80,
509 2372 530 2428 4
544 2379 597 2428 etc.
622 2373 657 2436 cl.
676 2368 726 2442 33,
743 2366 775 2446 5)
805 2373 996 2431 consensisse
1023 2375 1106 2432 vides
1131 2375 1308 2447 exemplaria
1331 2375 1370 2430 ab

214 2475 423 2548 interpretibus
445 2474 576 2531 Arabicis
600 2480 749 2545 usurpata,
777 2471 816 2528 ita
839 2473 941 2559 eadem
965 2484 994 2534 et
1016 2476 1118 2534 merita
1141 2483 1170 2534 et
1191 2484 1309 2549 peccata
1331 2491 1370 2534 ex

215 2576 313 2636 studio
337 2577 386 2634 illo
409 2584 475 2634 nata
504 2575 592 2633 medii
620 2575 683 2633 aevi
711 2574 920 2648 interpretibus
948 2578 1086 2637 omnibus
1114 2586 1142 2639 et
1163 2578 1246 2652 Syris
1268 2577 1376 2663 Arabi=

66 2680 72 2686 '⁴
143 2696 146 2699 ‘
215 2676 1369 2754 cisque(Retronde=plril.peripat.›eputlSyros,Paris1852p.29.

215 2785 348 2843 eiusdem
361 2777 504 2841 Averroes
518 2798 545 2854 p.
561 2777 610 2838 61..
623 2780 760 2843 Wenricb
773 2798 801 2853 p.
813 2779 869 2860 45)
893 2789 921 2839 et
943 2781 1093 2840 Hebraicis
1116 2789 1145 2840 et
1166 2781 1277 2840 Latinis
1300 2782 1371 2858 (Re-

214 2901 271 2944 nau
294 2885 352 2942 nv.
363 2882 427 2943 too
438 2899 482 2954 sq.
511 2883 546 2938 cl.
571 2885 607 2940 de
629 2883 735 2943 Pisano
757 2882 800 2940 lo.
826 2883 1028 2958 Chrysostomi
1056 2885 1213 2958 interprete
1245 2885 1370 2958 eiusque

214 2987 336 3059 prologo
370 2999 428 3056 quo
463 2998 495 3040 se
530 2985 565 3040 de
593 2984 683 3041 verbo
712 2985 748 3045 ad
775 2987 898 3043 verbum
931 2988 1090 3046 transmare
1124 2987 1246 3044 fateatur
1268 2985 1370 3058 Poggii

214 3085 305 3158 Epist.
323 3081 387 3154 1,ss
414 3099 442 3154 p.
460 3079 502 3140 30
515 3097 559 3154 sq.
583 3082 766 3153 aliorumque
790 3086 947 3143 multorum
970 3088 1164 3160 praelationes
1187 3087 1265 3144 idem
1288 3101 1370 3145 asse-

214 3193 323 3258 rentes,
356 3184 436 3243 velut
458 3182 583 3256 Philippi
611 3183 661 3256 qui
683 3182 770 3240 Arist.
796 3184 947 3242 secretum
975 3204 1062 3259 „cum
1085 3201 1191 3259 magno
1213 3186 1314 3244 labore
1341 3193 1371 3245 et

215 3289 313 3348 lucido
348 3287 499 3347 sermene’'
532 3277 679 3346 transtulit
712 3291 831 3359 propter
864 3287 1011 3346 idiomatis
1034 3287 1148 3346 Arabici
1172 3287 1371 3347 difficultatem

214 3393 338 3465 eiusque
356 3408 377 3453 ,a
398 3389 501 3450 Latino
525 3384 730 3469 diversitatem,
754 3403 841 3460 quarn
863 3376 997 3447 similiter
1023 3397 1144 3448 excusat
1165 3389 1315 3462 Eugenius
1337 3388 1369 3449 iu

214 3494 286 3567 prol.
312 3491 404 3564 Optio.
428 3489 599 3560 Ptolemaei,
635 3504 670 3547 ex
698 3489 780 3547 litera
802 3489 913 3549 literam
937 3489 1057 3550 eliciens
1080 3499 1113 3550 ut
1134 3486 1173 3550 ait
1196 3499 1224 3550 et
1246 3508 1368 3551 sensum

215 3610 249 3650 ex
274 3590 377 3668 sensu)
401 3591 549 3649 communi
576 3598 608 3648 ut
630 3607 670 3649 sc.
695 3608 781 3664 quarn
806 3592 1025 3651 accuratissime
1053 3593 1169 3667 singula
1190 3597 1278 3653 verba
1301 3594 1369 3669 rod·

214 3696 292 3765 dant,
316 3700 482 3771 ceterorum
505 3709 623 3768 quoque
650 3693 791 3751 librorum
815 3695 908 3753 luisse
935 3695 971 3752 ab
994 3693 1139 3752 Arabibus
1161 3697 1369 3753 translatorum

214 3797 260 3854 vel
283 3810 319 3851 ex
340 3795 452 3852 Latinis
476 3795 582 3853 disces.
628 3795 722 3866 Saepe
750 3796 828 3859 enirn
855 3797 925 3856 mibi
947 3796 1084 3855 Averrois
1112 3796 1260 3854 volumina
1289 3796 1369 3854 evol-

215 3897 291 3956 venti
313 3895 437 3953 mirandi
461 3882 575 3953 occasio
599 3897 663 3971 data
694 3905 739 3954 est
761 3914 813 3956 eur
834 3907 949 3972 praeter
971 3899 1098 3956 Graecos
1122 3905 1368 3960 courmentatores

213 4000 250 4056 orl
272 4005 384 4057 textum
407 3997 550 4054 Graecum
573 3999 787 4056 emendandum
811 4016 897 4058 nemo
921 4001 1016 4059 adhue
1040 3999 1210 4073 cogitaverit
1229 4000 1368 4059 adbibere

214 4099 400 4159 Arabicarum
435 4098 603 4156 versionum
632 4101 828 4173 Averroisque
862 4103 1137 4161 cornmentariornm
1171 4101 1217 4158 vel
1244 4100 1368 4160 transla-

136 4272 138 4274 .
214 4202 310 4260 tiones
331 4201 396 4257 illas
418 4199 535 4256 Latinus
560 4214 617 4256 sec.
631 4201 693 4258 lllll
715 4218 732 4259 a
754 4201 847 4260 doctis
870 4210 899 4259 ct
921 4203 1060 4270 Hebraeis
1084 4214 1112 4263 et
1135 4202 1308 4262 Christianis
1331 4216 1368 4261 ex

214 4305 337 4362 Arabico
364 4303 453 4361 lactas
476 4333 517 4342 —·
545 4302 735 4362 remanebant
768 4305 846 4363 eninr
880 4311 909 4360 et
933 4304 963 4361 in
992 4307 1058 4364 edd.
1082 4305 1218 4365 Averrois
1240 4304 1367 4365 luntinio

191 4404 329 4464 ‘veteres
361 4405 426 4463 litt.
460 4404 619 4480 Metapbvs.
654 4404 742 4480 Phys.
776 4413 805 4464 et
835 4405 976 4481 librorum
1010 4409 1048 4467 de
1082 4408 1179 4466 anima
1205 4407 1366 4482 versiones,
