2954 5034
776 329 817 390 tl

306 497 459 561 Praeterea
485 518 556 562 vero
584 532 624 544 ——
648 509 677 560 et
699 503 755 560 hoc
776 500 900 559 alterum
923 504 969 557 est
991 498 1031 541 -4
1058 513 1093 556 cx
1121 502 1232 555 mutato
1260 495 1296 554 de
1319 491 1376 570 Py·

220 603 429 675 thagoreorunr
461 603 584 665 historia
614 604 736 664 indicio
756 634 797 643 -
824 616 883 675 quo
918 615 1006 674 quarn
1041 615 1130 658 vanae
1163 597 1234 657 sint>
1255 602 1378 671 apparet

128 728 134 740 ·
221 703 349 762 Graecae
371 705 575 779 philosophiae
597 705 808 764 historicorum
826 702 960 761 omnium
980 701 1152 760 atrctoritste
1174 700 1298 758 lentium
1315 714 1376 757 non

166 810 167 814 ’
221 803 292 862 satis
325 821 471 880 perpensa
505 808 747 866 ratiocinationes
775 808 867 865 laetae
881 828 885 833 ·
900 805 936 861 de
963 803 1149 877 philosophia
1170 803 1377 876 Pythagorica,

175 941 176 944 =
221 904 348 965 maxime
380 924 455 981 quae
486 910 519 966 E.
543 909 702 978 Reinhold,
736 908 872 978 liranus,
902 903 988 978 Apelt
1004 907 1214 979 disputarunt,
1249 905 1308 961 sed
1328 918 1380 960 ce·

221 1013 353 1068 tororum
379 1010 466 1068 etiam
498 1011 555 1069 nisi
589 1011 668 1084 quod
700 1009 854 1068 cautiores
875 1007 982 1066 Wendt
1007 1005 1258 1066 Schleiermacher
1283 1005 1381 1062 Zeller

224 1109 284 1182 qul
308 1112 353 1169 vel
380 1112 410 1170 in
438 1112 640 1184 suspicionem
666 1113 781 1170 vocavit
806 1109 926 1168 Philolai
955 1110 1149 1181 fragmentum
1177 1121 1270 1164 unum
1298 1105 1379 1179 qnod

224 1225 297 1268 sane
329 1227 407 1269 rem.
425 1227 559 1275 omnem
577 1213 694 1271 conlioit
728 1211 816 1284 (Phil.
839 1212 868 1270 d.
892 1211 941 1269 Gr.
962 1211 983 1280 l,
1000 1207 1071 1267 123.
1088 1205 1236 1281 1Η,259);
1274 1222 1380 1289 omnes

225 1311 305 1370 enim
336 1312 378 1370 illi
408 1313 543 1373 nituntur
568 1312 706 1371 Boeehhii
732 1313 807 1370 lihro
834 1319 864 1370 et
890 1311 1011 1370 Philolai
1029 1310 1118 1368 vlaisa
1144 1308 1315 1368 auctoritate
1338 1291 1399 1350 -ss'

226 1412 283 1469 hoc
305 1411 396 1485 igitur
417 1421 528 1473 multuo
554 1422 705 1474 mumulus
730 1415 817 1474 etiam
848 1415 877 1473 in
903 1414 998 1488 ipsius
1019 1412 1149 1471 Platonis
1176 1410 1234 1468 vita
1256 1411 1382 1483 scripto-

226 1529 352 1587 rumque
375 1510 440 1585 eins
462 1516 575 1577 ordine.
587 1524 617 1575 et
639 1516 789 1589 doetrinae
804 1516 958 1575 elementis
972 1512 1171 1586 intelligendis
1186 1513 1289 1571 multa
1308 1512 1382 1570 ‘Non

224 1614 306 1703 enim
327 1618 423 1691 poluit
448 1633 517 1679 esse
539 1635 665 1693 quorum
691 1618 842 1691 ingenium
869 1618 990 1691 quidem
1016 1595 1211 1690 symbolicum
1232 1616 1384 1687 quodam·

226 1718 317 1777 modo
338 1727 482 1792 cognatus
505 1722 594 1780 refert
616 1732 750 1779 summus
766 1718 850 1779 -inter
869 1719 1063 1792 philosophos
1086 1715 1281 1789 sublimisque
1296 1721 1383 1788 pocta

228 1816 476 1891 Pythagoreorum
498 1821 671 1896 discipulus,
696 1819 826 1878 lieet-
849 1820 930 1894 quod
949 1835 1044 1877 nnum
1066 1824 1178 1877 certum
1196 1822 1246 1874 est
1266 1847 1309 1856 -
1325 1816 1386 1874 ‹Ar-

228 1919 344 1992 chylam
375 1922 563 1982 Tarentinum
578 1970 580 1973 .
597 1921 767 1982 convenerit
783 1964 784 1967 ,
800 1923 950 1980 hominem
983 1927 1012 1978 et
1043 1918 1205 1993 sapientiae
1237 1917 1323 1975 laude
1357 1926 1387 1976 et

229 2019 364 2080 civilibus
386 2023 543 2084 virtutihus
566 2027 677 2085 clarum
700 2025 753 2082 sed
776 2038 946 2098 quem-non
969 2020 1062 2095 magis
1077 2021 1292 2096 Pythagoreum
1304 2019 1386 2076 dicas

229 2121 281 2192 (ci.
305 2122 472 2185 Beckmann
496 2128 533 2185 de
555 2127 712 2201 Pythsrel.
729 2125 843 2200 22sq.)
866 2141 954 2199 quam
977 2123 1113 2192 Dionem,
1136 2136 1288 2195 ¹quemque
1310 2121 1387 2177 adeo

229 2221 254 2282 si
285 2231 365 2283 recte
397 2227 468 2300 legit
490 2227 582 2286 Casiri
603 2229 623 2299 l,
641 2225 705 2287 302
738 2228 767 2286 in
796 2227 1009 2300 discipulorum
1033 2224 1163 2282 Platonis
1196 2230 1322 2281 recensu
1349 2236 1387 2279 ex

230 2325 336 2394 eodem
358 2328 438 2386 lente
461 2345 496 2388 ex
520 2345 579 2404 quo
602 2330 748 2402 Diogenes
770 2330 802 2387 L.
827 2330 924 2387 harisit
940 2324 986 2399 (3,
1002 2324 1059 2398 46)
1075 2332 1181 2384 sumto
1204 2339 1270 2382 curn
1290 2322 1387 2381 iliooe

230 2425 314 2497 ponit
335 2427 627 2488 Dsehemaleddinus.
669 2431 730 2488 Nee
752 2436 879 2503 possunt
900 2444 932 2485 re
955 2442 1022 2486 vera
1045 2435 1077 2485 ut
1091 2426 1340 2500 Pythagoreorum
1355 2424 1388 2483 in

230 2523 362 2588 Platonis
383 2530 545 2589 doctrinam
567 2532 767 2590 auctoritatem
795 2531 921 2605 probent
946 2529 1004 2587 nisi
1031 2544 1082 2588 eas
1106 2543 1157 2586 res
1183 2528 1293 2586 afferre
1311 2539 1389 2599 quae

232 2626 342 2686 nullius
375 2632 507 2691 suntin
535 2632 629 2707 ipsam
662 2633 830 2706 philosophi
861 2630 1036 2689 sententiam
1068 2613 1222 2702 momenti,
1256 2630 1387 2688 ludendo

230 2735 343 2805 lantum
359 2732 509 2794 doctrinae
520 2734 619 2793 addita
630 2736 830 2808 adspersaqne
842 2732 971 2791 rhetoris·
984 2741 1013 2791 et
1027 2732 1128 2790 iocosa
1144 2732 1389 2789 lereornamenta

232 2845 329 2903 neque
356 2834 429 2891 haec
456 2851 584 2910 qnoque
600 2837 683 2910 ipsos
709 2837 908 2911 Pythagoreos
940 2835 993 2892 sed
1022 2848 1125 2894 eorum
1156 2832 1298 2891 rationem
1325 2846 1390 2906 my-

232 2932 339 2990 thicam
361 2942 391 2993 et
413 2938 605 3010 symbolicam
627 2939 772 3012 planeque
794 2936 1029 3010 superstitiosam
1042 2935 1144 2993 libera
1166 2943 1195 2993 et
1215 2950 1304 3008 otram
1328 2950 1391 2992 ma·

232 3033 311 3092 xime
338 3038 458 3111 propria
478 3039 639 3099 imitatione
658 3041 822 3098 referentia.
863 3039 929 3111 lpsa
950 3037 1158 3095 veronnmeri
1180 3045 1209 3095 et
1231 3051 1390 3094 mensurae

232 3131 380 3196 intellecta
406 3138 532 3214 dignitas
559 3149 588 3200 et
615 3141 744 3200 delinitio
772 3140 924 3200 dialectica
951 3154 1049 3197 rerum
1072 3153 1180 3211 genera
1203 3137 1391 3211 distinguens

233 3236 397 3312 logicisque
418 3240 492 3300 liniti
515 3248 544 3301 et
566 3242 671 3303 infiniti
694 3243 851 3302 momentis
874 3248 1024 3311 constans,
1048 3239 1133 3299 cuius
1147 3229 1322 3314 symbolum
1345 3248 1392 3298 est

233 3337 300 3401 idea
314 3334 484 3423 (μέτρον),
508 3351 545 3402 et
559 3345 670 3403 Platoni
693 3345 811 3419 propria
834 3359 888 3402 nec
916 3342 974 3401 nisi
996 3341 1133 3401 Heracliti
1155 3349 1186 3400 et
1207 3341 1391 3401 Parmenidis

232 3440 317 3509 lihfris
338 3445 503 3518 moralique
524 3446 654 3506 Socratis
677 3446 845 3522 magisterio
868 3444 993 3517 eiusque
1015 3442 1139 3516 sepienti
1162 3443 1192 3502 in
1213 3443 1392 3516 disputando

234 3545 392 3615 verhorum
420 3548 538 3606 fraudes
561 3549 716 3624 detegendi
744 3547 883 3607 methodo
912 3545 1020 3604 nutrita
1052 3553 1080 3604 et
1107 3544 1136 3604 in
1165 3544 1303 3604 omnihus
1326 3544 1393 3602 eius

236 3642 353 3716 scriptis
380 3650 482 3707 cadem
508 3657 556 3709 est
589 3652 641 3723 (cl.
664 3651 759 3709 Zeller
780 3666 826 3722 ap.
850 3649 940 3724 Pauly
963 3663 987 3706 s.
1004 3663 1030 3706 v.
1047 3647 1088 3704 Pl.
1106 3643 1264 3719 V‚=1690).
1313 3645 1393 3704 llaec

235 3743 314 3826 enim
337 3755 369 3804 ut
390 3749 451 3809 lere
473 3731 599 3811 rhetoris
621 3760 668 3810 est
689 3749 890 3809 diversissima
910 3757 1009 3809 tamen
1032 3755 1094 3806 arte
1116 3746 1210 3818 magis
1232 3745 1394 3805 distentet

235 3847 383 3907 seniendi
417 3853 516 3913 causis
549 3852 717 3923 finibusque
730 3865 832 3922 -quam
860 3851 1028 3922 sententiis,
1062 3856 1194 3906 ceterum
1220 3848 1300 3919 quod
1327 3847 1392 3921 ipsa

234 3949 323 4009 huius
356 3956 497 4028 temporis
530 3953 680 4014 urbanitas
712 3951 827 4011 mediae
854 3969 973 4026 quoqne
1003 3948 1176 4009 corrrocdioe
1202 3948 1319 4022 propria
1345 3948 1391 4020 (in

234 4052 320 4112 cuius
342 4057 512 4130 fragmentis
535 4071 611 4130 quae
638 4066 803 4128 repugnare
824 4054 961 4112 videntur
987 4060 1038 4111 aut
1063 4050 1139 4109 alius
1161 4052 1248 4124 plane
1270 4050 1393 4109 rationis

235 4164 305 4222 sunt
326 4157 418 4216 veteri
441 4156 671 4229 Aristophaneac
698 4155 849 4214 dissimilis
876 4164 926 4215 aul
952 4155 1080 4214 incertae
1102 4153 1286 4212 comicorum
1306 4153 1393 4210 chro-

234 4257 370 4332 nologiae
393 4258 552 4329 debentur)
575 4258 704 4330 postulat
726 4257 924 4318 aripennum
948 4256 1068 4315 nomine
1090 4254 1393 4330 apertairrisioneet

236 4357 357 4424 omnino
379 4359 593 4432 prosopopoeia
617 4361 730 4434 poetice
753 4361 882 4435 lingente
904 4361 966 4418 lere
988 4358 1150 4431 abstinens,
1174 4364 1241 4432 post
1264 4354 1393 4416 Socratis
