2992 5032
657 333 719 413 wars

166 555 168 557 .
196 508 275 567 Licet
298 521 368 569 vcro
391 507 465 575 liuor
485 507 535 566 illo
558 507 595 564 de
617 512 700 562 motu
721 504 868 563 Aristoteli
893 506 965 581 talso
988 506 1146 575 tribuatur,
1170 516 1266 577 tamen
1363 568 1365 571 .

111 617 177 672 eote
210 609 432 684 physiologicas
465 609 522 666 ianr
557 607 648 664 libros
675 606 801 678 scriptos
838 621 905 666 csse
932 609 1148 682 metaphysieos
1175 589 1271 683 nihilo*

109 711 208 770 minus
226 759 227 763 ,
247 719 361 770 certum
388 719 443 770 ost.
499 708 573 768 llicit
599 707 677 768 eninr
710 707 740 764 in
767 706 826 765 illis
864 707 1038 781 saepissime
1075 726 1110 769 aa
1138 713 1267 775 serione

109 813 184 871 velle
212 809 385 889 (numquam
409 811 522 871 seiam
545 808 721 885 scripsisse).
748 810 786 877 de
813 809 990 876 nutrimento
1023 811 1197 873 demeritis
1230 818 1267 876 de
1327 847 1329 853 s

53 914 54 917 ’
109 914 228 986 plantis,
251 915 328 973 siout
349 914 406 972 iam
429 914 505 972 libro
527 913 646 972 Meteon.
675 909 761 971 tertio
790 917 920 971 extremo
949 910 1176 988 disputationem
1199 933 1267 989 prof

101 1015 188 1084 misit
205 1017 247 1084 de
270 1015 427 1103 lapidilrus,
451 1025 512 1077 non
534 1013 654 1091 quidem
676 1013 756 1086 quod
779 1011 860 1069 nullo
883 1013 971 1071 modo
994 1013 1147 1087 exipsius
1169 1019 1266 1081 uerbis

107 1117 244 1190 sequitur
276 1098 485 1193 rn'hoeipso
512 1117 578 1174 loeo
605 1115 659 1172 ulii
685 1114 868 1181 universales
898 1119 1009 1187 tantum
1037 1115 1167 1176 rationes
1194 1119 1267 1178 divi·

108 1219 268 1294 sianesdue
295 1219 438 1292 posuisse
462 1205 533 1277 antis
560 1224 623 1276 erat
649 1218 704 1275 sed
731 1223 834 1289 postea
857 1214 976 1274 demum
995 1217 1117 1293 proprio
1140 1203 1266 1294 optoque

108 1321 173 1378 looo
207 1320 421 1379 instituendum
438 1368 439 1372 ,
456 1310 777 1402 (προχειριζομένοις
802 1310 881 1397 περὶ
906 1309 1044 1385 ἕκαστον
1071 1312 1165 1400 γένος
1198 1320 1216 1379 1.
1240 1336 1265 1382 θ.

108 1423 228 1494 otiando
249 1423 439 1490 instituemus
462 1438 631 1490 sermonem
651 1419 721 1496 ete.)
749 1436 791 1491 se.
814 1427 883 1493 post
905 1420 1066 1480 doctrinam
1088 1423 1126 1492 de
1148 1424 1264 1497 plantis

108 1520 321 1597 Omnes-apim
348 1526 405 1583 tros
432 1520 524 1584 libros
552 1533 621 1599 pest
646 1523 737 1583 libres
766 1522 898 1595 quinque
925 1527 961 1583 de
988 1524 1177 1598 generatione
1197 1525 1267 1588 ani-

106 1625 226 1685 malium
258 1625 455 1699 perficiendos
475 1625 546 1699 siai
584 1624 730 1684 sumsisse
754 1622 948 1684 ,Aristotelem
976 1624 1016 1686 ita
1048 1633 1080 1684 ut
1107 1641 1144 1684 ex
1171 1626 1265 1702 ipsius

105 1726 232 1795 consilio
264 1726 323 1785 iam
344 1727 470 1786 Meteon.
494 1725 558 1799 1,1
593 1726 725 1787 nuntiato
758 1725 949 1798 physicorum
984 1737 1060 1798 opus
1093 1726 1265 1799 uniueisum

106 1829 304 1889 concludatur·
320 1828 403 1886 literis
426 1829 463 1886 de
485 1831 589 1888 notura
611 1843 688 1901 quae
710 1825 947 1900 animarumque
962 1826 1092 1900 praedita
1108 1829 1264 1900 mimicis,

106 1929 136 1989 lai
159 1946 228 1989 vero
251 1929 427 2002 insipientes
448 1929 486 1988 ab
509 1929 629 1989 homine
642 1928 825 2001 *animaeque
848 1928 981 1996 doctrina
1002 1944 1056 2002 per
1072 1944 1107 1987 se
1117 1939 1265 2003 spectatae

57 2029 58 2034 ’
105 2032 321 2093 descendentes
355 2031 392 2088 nd
422 2030 548 2091 unimam
583 2036 729 2102 qnatenus
764 2038 809 2088 est
834 2030 1002 2099 aninralium
1029 2040 1122 2088 sensu
1149 2034 1265 2104 praedi-

105 2141 203 2216 torum
230 2131 362 2189 omnium
390 2130 506 2202 corpori
533 2145 696 2203 cooperans
713 2130 863 2192 uniamur
889 2132 918 2188 in
943 2131 1082 2189 animam
1097 2132 1264 2192 nutritivam

105 2249 140 2292 ae
162 2231 352 2307 vegetativam
374 2228 549 2304 plantasque
572 2230 660 2314 huius
684 2233 779 2292 solius
800 2231 967 2306 participes,
990 2230 1137 2303 lapidibus
1158 2232 1265 2292 deinde

106 2337 156 2410 qui
178 2344 207 2394 et
229 2334 286 2408 ipsi
300 2333 404 2407 ‘latiori
432 2343 524 2390 sensu
552 2331 629 2391 sicut
655 2335 752 2394 omnis
780 2341 884 2393 natura
911 2333 1038 2390 animam
1066 2332 1175 2394 hubent
1196 2351 1266 2394 cau.-

104 2453 228 2512 aamque
251 2435 376 2501 idoalam
398 2441 433 2507 et
449 2441 599 2495 aeternam
626 2448 727 2499 rerum
752 2451 856 2511 agrneu
870 2435 1098 2506 claudentibus,
1126 2435 1157 2493 id
1179 2444 1208 2496 et
1229 2449 1265 2496 ex
1361 2440 1363 2445 ’

106 2540 293 2604 citationibus
320 2543 399 2609 potet
425 2543 455 2595 et
481 2552 516 2593 ex
540 2536 603 2609 ipsa
626 2552 666 2598 re.
712 2528 862 2596 Pertinent
888 2537 967 2596 enim
993 2535 1035 2593 illi
1061 2537 1099 2595 nd
1125 2553 1201 2613 opus
1227 2540 1265 2598 de

102 2642 238 2715 partibus
266 2636 446 2702 ,animalium
473 2639 722 2713 physiologicum,
756 2639 787 2697 in
813 2653 872 2711 quo
900 2645 969 2710 post
994 2651 1046 2695 eos
1073 2639 1124 2711 qui
1146 2641 1265 2713 proprie

106 2743 245 2804 dicuntur
271 2734 350 2822 περὶ
375 2736 441 2800 τῶν
462 2731 589 2823 μορίων
615 2739 667 2813 (de
689 2752 755 2813 gen.
778 2755 825 2798 aar.
842 2738 871 2811 1,
890 2736 940 2798 15.
955 2735 1042 2797 7201)
1058 2738 1113 2816 20)
1140 2742 1177 2798 de
1199 2741 1266 2799 nni-

70 2834 73 2839 ’
105 2845 183 2902 versi
206 2844 339 2916 corporis
361 2842 493 2916 paribus
517 2856 678 2915 earumque
700 2840 799 2901 causis
822 2846 942 2914 agentes
966 2836 1267 2923 (tapsensum)

107 2946 217 3019 quiquo
240 2945 329 3002 unius
352 2943 452 3016 operis
472 2957 526 3015 pro
543 2941 642 3015 prima
664 2944 748 3016 quasi
771 2949 854 3017 parte
876 2943 1024 3002 habentur
1044 2939 1172 3018 (degon.
1191 2941 1220 3016 5,
1234 2943 1264 3006 1.

106 3044 195 3107 7781)
211 3044 229 3104 1
245 3044 304 3105 ubi
327 3045 364 3103 de
387 3058 475 3102 causa
497 3049 633 3103 movente
647 3044 935 3119 praesensentiae
958 3045 1043 3118 qrrasi
1059 3046 1197 3106 accidens
1220 3056 1266 3107 cst

105 3155 279 3222 repetuntur
300 3163 335 3206 ea
358 3161 434 3221 quac
457 3144 533 3207 diota
555 3155 625 3205 sunt
646 3135 717 3207 κατ’
737 3135 839 3226 ἀρχὰς
855 3135 890 3207 ἐν
903 3145 975 3220 τοῖς
987 3135 1138 3228 πρώτοις
1151 3139 1266 3234 λόγοις

106 3251 125 3308 i.
148 3265 175 3307 e.
198 3250 337 3322 depart·
355 3264 402 3307 ans
420 3246 494 3320 1,1.
511 3246 583 3308 640.
607 3265 683 3311 max.
700 3267 726 3307 v.
741 3248 836 3308 4-7.
854 3246 989 3308 15-τ-19.
1006 3246 1061 3321 253
1084 3250 1153 3308 licet
1175 3250 1264 3308 huius

106 3352 239 3411 eiusdem
266 3366 392 3424 quoque:
413 3351 450 3410 de
477 3342 665 3424 generatione
698 3351 804 3424 partis,
823 3357 923 3423 utpote
952 3357 1103 3423 separatae
1123 3339 1177 3408 oi*
1193 3338 1262 3409 κατ’

107 3443 211 3530 ἀρχὰς
233 3441 330 3530 λόγοι
351 3452 478 3512 citentua
491 3452 522 3522 4,
533 3451 563 3511 8.
581 3451 668 3512 7766
685 3450 738 3525 10)
763 3452 898 3524 sequitur
920 3450 1009 3508 altero
1031 3464 1100 3523 pars
1121 3449 1159 3506 de
1175 3465 1264 3523 geae-

106 3554 231 3622 rutena,
254 3552 284 3608 in
306 3567 364 3623 qua
387 3551 477 3610 simul
499 3553 536 3609 de
558 3553 690 3624 partibus
713 3552 782 3611 truie
805 3552 852 3610 rei
868 3551 996 3625 propriis
1020 3557 1105 3609 antea
1123 3549 1264 3624 neglectis

108 3656 160 3729 (de
182 3661 254 3728 part.
274 3648 362 3712 653b
378 3650 428 3711 16.
445 3648 599 3712 octoas.
616 3650 688 3725 678,
705 3653 824 3729 22sqq.
848 3653 884 3720 cs.
909 3655 946 3711 de
968 3668 1034 3726 gen.
1052 3649 1081 3723 1,
1098 3649 1127 3710 1.
1146 3648 1262 3725 rant

109 3755 159 3816 11.
177 3754 217 3816 16
243 3753 310 3814 τῶν
335 3748 477 3836 περὶτὰ
504 3743 608 3837 μόρια
627 3751 802 3818 τελευταῖα
828 3753 946 3828 ταῦτα,
981 3754 1017 3812 cl.
1038 3750 1110 3826 721,
1126 3753 1263 3835 26.28);

108 3857 288 3933 generationi
323 3871 391 3915 vero
424 3856 520 3931 iisque
553 3869 629 3930 quae
646 3875 767 3918 *causae
801 3856 946 3918 moventis
980 3860 1050 3914 sunt
1082 3856 1264 3933 diversarum

33 3972 34 3975 ’
108 3959 237 4034 partium-
267 3958 419 4017 allocutus
452 3958 608 4018 coniuncta
631 3960 772 4033 proxime
805 3969 850 4020 est
876 3946 1013 4040 αὔξησις
1039 3965 1068 4016 et
1088 3949 1196 4040 τροφή
1218 3957 1263 4035 (in

107 4061 183 4121 libro
205 4058 285 4118 enim
308 4061 345 4119 de
367 4071 477 4134 genen
495 4055 652 4144 περὶτῆς
673 4054 802 4124 ἔσωθεν
823 4057 953 4144 τροφῆς
974 4069 1086 4120 tantum
1116 4075 1191 4133 qnae
1218 4066 1264 4118 est

108 4161 139 4219 in
161 4167 246 4218 utero
269 4160 369 4230 matris
392 4162 576 4224 nascentium
599 4164 727 4243 dicitnr),
755 4165 792 4223 de
814 4176 874 4238 quo
897 4170 1069 4236 argumento
1090 4161 1262 4232 rationeque

108 4272 144 4328 eo
165 4276 223 4333 qun
245 4275 282 4323 ex
301 4260 441 4322 alimento
464 4266 494 4324 ln
517 4281 624 4341 eorpus
647 4269 734 4327 dueto
757 4273 787 4324 et
807 4265 964 4340 liquefacto
987 4270 1016 4322 et
1037 4268 1178 4321 concoeto
1194 4276 1263 4319 san-

109 4362 190 4438 guis,
217 4378 252 4418 ax
279 4363 425 4434 sanguine
449 4372 542 4425 uittam
568 4382 678 4442 corpus
705 4371 811 4438 alatur,
840 4369 981 4427 librorum
1001 4365 1046 4421 de
1074 4363 1263 4433 generatione
