2954 5034
772 339 814 401 80

215 534 243 592 p.
261 515 332 578 105.
362 491 484 589 Gruppe
501 515 644 588 Archytas
657 503 699 571 79
713 527 777 584 sqq.
807 510 836 568 in
853 513 914 570 bac
941 510 1059 584 quidem
1088 525 1119 567 re
1146 525 1162 567 a
1186 510 1375 569 Beehmanno

216 637 244 691 p.
265 618 347 692 466.
376 619 484 676 frustra
511 614 714 689 impugnatus)
750 607 786 671 66
819 613 982 688 Pythagora
1003 600 1166 670 'materiam
1200 614 1376 685 appellantis

217 705 301 779 litto
324 707 393 792 ,ὡς
415 709 553 801 decerpo
573 708 632 777 καῖ
651 701 1211 794 6616116καὶᾶλλογιγνόμενον”,
1234 731 1270 773 66
1286 732 1375 789 quam

217 822 281 896 ipse
305 822 476 880 Aristoteles
497 809 571 877 dicit
590 819 620 876 in
643 820 768 895 Metaph.
786 813 837 889 13,
854 816 883 875 t.
909 817 1009 874 Bonitz
1034 816 1144 875 Comm.
1162 812 1223 876 571
1246 816 1376 875 Platoni-

217 938 319 979 corum
343 921 517 980 sententiam
541 923 575 979 66
600 921 799 994 Pythagoreos
828 921 929 976 eadem
958 905 1156 991 posteriorum
1183 919 1269 992 plane
1292 935 1376 976 more

217 1024 268 1096 (cl.
285 1024 366 1081 Plac.
377 1025 426 1096 ph.
444 1021 473 1096 1.,
490 1023 519 1083 9.
544 1024 623 1081 Stob.
641 1024 652 1079 l
675 1040 701 1096 p.
719 1019 791 1081 318.
808 1017 881 1076 414.
905 1015 985 1079 Alex.
1009 1021 1039 1079 in
1063 1021 1186 1094 lletaph.
1206 1038 1234 1094 p.
1248 1018 1320 1092 777,
1333 1020 1376 1078 22

206 1125 305 1197 ¹Bon.)
344 1124 383 1182 ita
409 1126 551 1182 referatur
578 1131 610 1181 ut
637 1123 701 1197 ipso
729 1122 884 1180 Aristotele
912 1122 1005 1195 magis
1032 1130 1134 1180 auctor
1161 1123 1318 1195 platonizet
1344 1123 1374 1180 in

217 1225 467 1307 Pythagoreorum
490 1226 653 1282 enarranda
675 1224 819 1294 doctrina,
848 1239 939 1297 quum
967 1222 1095 1296 denique
1122 1227 1201 1297 quod
1224 1225 1288 1297 ipse
1311 1224 1375 1282 Ari-

217 1328 337 1384 stoteles
358 1328 396 1384 de
420 1326 544 1400 Archyta
567 1326 597 1382 in
620 1325 788 1406 definiendo
810 1325 876 1382 rudi
898 1324 1057 1397 proditita
1080 1325 1199 1397 quidem
1222 1333 1250 1384 et
1266 1326 1302 1384 66
1318 1328 1374 1384 boe

217 1434 246 1485 et
268 1427 388 1487 omuino
412 1430 448 1486 de
470 1427 658 1502 Pythagoreis
686 1443 740 1486 nee
767 1420 816 1485 ille
843 1427 940 1484 solum
967 1428 1020 1484 666
1042 1427 1260 1500 Theophrastus
1288 1428 1374 1486 etiam

217 1537 246 1587 et
272 1530 438 1601 Eudemus
473 1529 523 1604 661
557 1531 593 1586 66
626 1516 847 1587 mathematicis
872 1510 1121 1602 Pythagoreorum
1155 1529 1374 1588 inventionibus

216 1632 297 1689 nulla
329 1640 361 1690 ut
393 1646 490 1705 neque
524 1631 560 1687 de
592 1611 718 1687 Thaletis
752 1633 813 1710 (ap.
837 1631 930 1688 Procl.
954 1628 983 1688 in
1008 1630 1088 1687 Euel.
1112 1647 1140 1703 p.
1157 1627 1207 1689 79.
1225 1628 1281 1703 92)
1316 1632 1373 1691 6161

217 1733 309 1789 lamae
332 1732 502 1793 auctoritate
525 1730 584 1802 agit
607 1722 690 1810 (ibid.
714 1728 806 1803 p.99.
822 1730 891 1791 109.
906 1729 977 1791 tto.
1002 1732 1037 1789 cl.
1062 1732 1185 1789 Karsten
1200 1733 1373 1807 Xenophan.

48 1829 49 1833 ’
160 1870 161 1873 =
216 1850 244 1906 p.
262 1829 319 1905 ts)
342 1833 530 1905 Platonisque
552 1832 704 1904 aequalem
720 1832 874 1908 Archytam
888 1833 957 1891 dicit
969 1834 1077 1906 (Procl.
1090 1850 1119 1906 p.
1133 1832 1183 1893 19.
1197 1834 1232 1892 61.
1243 1830 1374 1893 Ρ66666-

217 1924 400 2014 demosthen.
429 1935 507 1992 Erat.
527 1932 569 1991 46
603 1934 640 1990 66
668 1932 753 1990 66166
786 1935 945 1993 testimonii
972 1934 1059 2008 ‘quod
1086 1934 1180 1994 attulit
1206 1936 1373 1994 Beclmann

195 2054 245 2115 p.
261 2033 302 2096 18
329 2036 516 2109 auctorisque
539 2020 710 2107 antiquitate
734 2035 938 2095 Westermann
967 2037 997 2095 in
1021 2034 1076 2104 Qu.
1101 2037 1333 2096 Demosthenicis
1349 2039 1374 2095 ll

214 2155 243 2212 p.
259 2135 327 2211 82),
350 2137 531 2207 mentionem
553 2136 688 2195 inileiens
711 2143 743 2194 ut
765 2123 920 2196 traditione
943 2138 1007 2198 sola
1028 2152 1103 2196 6666
1126 2153 1267 2196 essenon
1289 2139 1373 2197 libris

215 2241 379 2315 reperiatur
420 2229 615 2314 [ἀπεδέχετο
652 2227 752 2320 ’ὅρους
788 2239 913 2314 Metaph.
941 2238 971 2314 7,
998 2240 1026 2298 2.
1062 2229 1126 2321 ἔφη
1159 2240 1242 2300 Rbet.
1269 2237 1299 2314 3,
1321 2239 1370 2301 11.

213 2331 329 2425 ἠρώτα
349 2343 471 2409 Eadem.
495 2343 583 2415 Phys.
607 2357 653 2414 ap.
678 2341 779 2415 Simpl.
804 2342 870 2400 Sch.
889 2339 961 2415 363,
978 2334 1028 2400 21.
1052 2330 1126 2401 rroc'
1144 2331 1208 2422 ἔφη
1224 2345 1370 2416 Theophr.

214 2445 280 2502 Met.
301 2460 329 2516 p.
346 2439 409 2500 312
425 2443 483 2516 Bc,
518 2432 609 2522 ἔλεγε
631 2443 810 2501 Pseudarist.
834 2443 930 2503 Probl.
949 2442 999 2516 16,
1012 2444 1034 2506 ’9
1069 2443 1104 2502 61.
1123 2444 1244 2502 liudem.
1267 2445 1369 2520 Simpl.

85 2596 91 2608 .
215 2541 442 2617 spatiante.
477 2559 639 2618 numquam
666 2551 764 2602 autem
798 2531 946 2620 tamquam
974 2562 1011 2604 ex
1037 2544 1112 2605 libro
1142 2547 1249 2624 dieitur
1275 2539 1369 2630 φησί.

214 2647 348 2717 similiter
369 2647 406 2705 de
420 2646 521 2705 Hiceta
542 2647 686 2719 Theophr.
710 2662 755 2720 ap.
774 2646 832 2704 Cic.
847 2648 934 2706 Acad.
946 2664 990 2721 pr.
1003 2647 1033 2719 2,
1045 2645 1086 2708 39
1104 2648 1155 2722 661
1170 2644 1249 2707 idem
1267 2652 1304 2709 de
1318 2651 1369 2709 illo

213 2749 284 2816 dicit
314 2750 394 2824 quod
421 2749 458 2808 de
485 2748 616 2807 Philoleo
646 2747 695 2806 alii
718 2748 753 2806 61.
776 2749 807 2807 o.
823 2750 856 2807 L.
874 2747 904 2821 8,
920 2747 972 2822 85,
1001 2751 1052 2824 661
1074 2751 1139 2825 ipse
1161 2746 1309 2810 Philolaus
1332 2767 1369 2811 eo

208 2851 293 2923 quod
316 2850 423 2917 Thebis
447 2858 645 2919 commoratus
668 2850 774 2909 dicitur
795 2866 863 2909 eum
883 2851 992 2926 Lyside
1014 2861 1210 2935 commutatur
1226 2855 1370 2913 666661-

213 2949 302 3009 tionis
325 2949 561 3009 incertitudinem
589 2966 625 3010 ex
648 2952 713 3024 ipso
736 2953 878 3011 librorum
900 2952 1096 3027 genuinorum
1119 2962 1148 3013 et
1170 2940 1295 3029 scriptae
1317 2972 1371 3015 no·

213 3051 293 3111 titiae
327 3052 441 3109 delectu
478 3058 581 3108 ortam.
626 3055 662 3124 de
695 3053 826 3111 Philoleo
860 3055 986 3128 denique
1019 3057 1170 3114 Eudemus
1202 3057 1266 3114 Eth.
1295 3055 1370 3129 2,8

213 3143 327 3234 ὥσπερ
353 3140 526 3224 Φιλόλαος
547 3141 622 3235 ἔφη.
651 3154 687 3212 el.
711 3154 798 3214 etiam
821 3143 958 3229 anonymi
981 3158 1154 3233 Pythagorei
1177 3159 1214 3217 de
1235 3165 1369 3232 ternpore

196 3244 320 3332 ¹dictum
342 3289 385 3299 -
396 3246 488 3335 ἔλεγε
499 3284 542 3294 -
564 3272 609 3329 ap.
633 3255 719 3314 Arist.
744 3256 831 3332 Phys.
847 3258 877 3330 4,
895 3256 945 3318 13.
968 3260 1090 3319 Eadem.
1104 3260 1191 3334 Phys.
1205 3276 1250 3334 ap.
1264 3260 1366 3334 Simpl.

210 3361 241 3419 in
263 3355 498 3436 Phys.l.178b
521 3352 646 3416 61175.
685 3357 814 3424 Xuthum
846 3369 943 3420 tamen
971 3378 1029 3435 quo
1061 3344 1125 3421 iure
1152 3363 1366 3436 Pythagoreum

210 3463 302 3521 velint
323 3463 498 3537 interpretes
522 3459 623 3534 Simpl.
647 3460 666 3518 l.
683 3457 781 3520 todo.
800 3459 861 3522 161
884 3463 1041 3536 nescitur],
1075 3465 1149 3523 illud
1176 3462 1265 3536 igitur
1291 3465 1366 3522 adeo

211 3571 354 3636 repugnet
376 3537 409 3620 ut
425 3579 527 3636 >neque
550 3562 600 3636 qui
623 3563 695 3620 baec
718 3563 790 3622 dixit
811 3565 940 3624 Platonis
964 3545 1032 3623 lieet
1046 3550 1196 3623 familiaris
1212 3561 1367 3637 disciplina

211 3679 284 3721 usus
307 3679 375 3721 esse
403 3665 535 3735 (Beokm.
553 3662 652 3737 1766.
669 3648 766 3739 2366.
798 3666 838 3724 61.
856 3669 1030 3740 praesertim
1057 3683 1125 3724 eum
1148 3666 1293 3723 sententia
1314 3665 1367 3722 Ar-

210 3764 312 3837 chytea
335 3764 495 3822 66616661
523 3753 663 3847 ἀπειρία
691 3768 794 3825 eodem
821 3769 908 3841 plane
935 3775 1106 3843 argumento
1134 3773 1164 3823 et
1190 3765 1252 3821 lere
1278 3764 1365 3824 etlam

198 3864 307 3929 ,verbis
336 3871 451 3922 utentes
477 3865 637 3938 Epicureos
672 3885 717 3942 ap.
746 3869 943 3928 Alexandrum
977 3885 1025 3942 qu.
1055 3873 1113 3925 nat.
1134 3862 1164 3938 3,
1182 3861 1223 3922 12
1244 3876 1273 3937 p.
1291 3861 1363 3925 194.

210 3965 282 4026 206.
299 3964 362 4025 202
375 3980 447 4039 666..
464 3965 571 4040 speng.
595 3969 630 4025 61.
649 3966 980 4042 6661661968-83
1000 3969 1057 4026 666
1080 3964 1239 4040 praecipua
1261 3983 1364 4027 eorum

186 4133 187 4137 ,
209 4076 379 4145 argumenta
400 4100 443 4110 —-
459 4069 495 4126 de
518 4069 608 4126 altero
631 4069 667 4127 cl.
679 4070 795 4128 Lucret.
812 4069 841 4144 1,
858 4067 1024 4130 958-64.
1039 4067 1071 4124 D.
1087 4067 1120 4124 L.
1137 4065 1167 4140 9,
1180 4064 1221 4125 41
1236 4099 1279 4109 -
1302 4076 1364 4127 stu-

123 4212 124 4218 .
176 4202 178 4206 v
208 4175 298 4236 diosa
314 4170 511 4243 refellentem)
546 4184 600 4228 nee
628 4171 677 4243 qui
706 4172 874 4246 fragmenta
894 4170 1010 4255 scripsit
1037 4168 1135 4227 dicere
1157 4169 1207 4228 illa
1228 4169 1363 4243 potuisse

208 4256 394 4350 intelligatur,
418 4273 528 4330 nedum
550 4271 647 4346 ipsum
659 4273 845 4351 Aristotelem
867 4272 1006 4348 peculiari
1024 4259 1123 4330 bbello
1139 4272 1363 4333 talemornasse

208 4379 383 4435 doctrinam.
402 4373 541 4432 credibile
562 4372 622 4440 sit,
656 4373 703 4430 illa
738 4376 827 4448 igitur
852 4375 993 4448 Archytea
1027 4374 1066 4431 ab
1091 4373 1246 4432 Aristotele
1280 4372 1362 4431 sanila
