2954 5048
681 338 689 412 J
784 344 860 417 240.

207 541 209 545 ’
236 524 306 596 ipse>
322 522 488 596 qualitatem
512 537 528 578 a
550 502 625 578 situs
648 520 794 593 categoria
817 520 950 594 dividit),
979 514 1063 598 ἔχειν
1086 516 1184 597 (ἕξις)
1210 542 1278 584 vero
1304 521 1394 586 ratim

234 640 302 683 nem
334 622 465 682 cuiusvis
498 622 682 681 extrinsecus
717 621 800 694 quasi
836 625 992 699 comparati
972 631 1055 682 tet
1089 627 1270 685 substantiae
1297 629 1389 686 additi

234 727 314 798 quod
330 720 415 783 velut
438 725 554 798 singula
577 726 720 799 quaedam
741 739 810 796 pars
832 724 884 782 toti
907 726 1065 798 opponitur
1088 728 1135 798 (es
1105 729 1210 786 etlte
1199 731 1277 801 toph.
1293 729 1322 801 4,
1336 727 1389 788 23.

232 808 263 900 4,
280 826 330 886 20.
366 843 452 899 quam
480 825 572 899 ipsam
601 826 775 900 categoriam
803 843 819 884 a
845 816 1020 883 Platonicis
1036 837 1182 902 receptam
1210 845 1277 906 esse
1295 831 1391 889 docet

233 928 313 1001 quod
335 927 393 985 illis
416 928 552 986 tribuitur
575 927 732 986 discrimen
763 928 859 1000 quoad
893 919 931 988 τὸ
955 918 1235 1049 ἐπιδέχεσθαι
1198 951 1237 992 το
1242 927 1391 1008 μᾶλλον

168 1053 169 1056 “
225 1021 287 1088 ’καὶ
309 1012 406 1110 ἧττον
429 1031 535 1088 factum
559 1017 635 1088 inter
656 1019 785 1110 ὑγιείαν
808 1038 837 1088 et
859 1020 976 1106 ἔχειν
984 1021 1112 1113 ὑγιείαν
1136 1033 1196 1091 Cat.
1176 1031 1387 1107 t.p.10b35
1421 1061 1423 1065 ·

231 1121 305 1190 e.‘i
291 1124 368 1221 aare
390 1132 630 1191 Academicorum
653 1133 751 1191 Schol.
769 1131 834 1191 671)
850 1129 900 1191 25.
917 1130 986 1192 8οι
1000 1135 1021 1190 4
1037 1137 1128 1206 etet:

619 1293 622 1297 ¹
712 1301 715 1306 ·
757 1257 856 1328 οὐσία
1083 1345 1084 1349 ¹
1263 1284 1272 1302 ²

330 1452 338 1507 s
380 1440 489 1516 ποσόν
532 1493 574 1503 -
618 1445 719 1516 ποιόν
1331 1470 1333 1473 ·

385 1632 386 1636 ¹
424 1621 426 1623 ,
483 1547 569 1639 πρός
590 1577 624 1618 τι

379 1652 753 1701 W

377 1724 446 1787 ποῦ
531 1760 573 1769 -
615 1722 700 1788 ποτέ
857 1801 861 1809 ¹

787 1474 799 1626 ἓ
843 1494 965 1568 ’ταύτόν
1007 1538 1050 1548 --
1093 1499 1203 1590 ἕτερον
1281 1504 1284 1506 ’

243 1852 246 1857 ’
340 1860 485 1930 ,ποιεῖν
529 1895 570 1903 -
614 1853 755 1938 πάσχειν
845 1837 970 1926 κίνησίς
1013 1878 1053 1886 ··
1098 1838 1217 1922 στάσις

326 2028 329 2037 ,
374 1964 567 2027 κεῖσθαι-
610 1954 696 2040 ἔχειν

223 2105 438 2185 Platonicorum
476 2103 565 2177 igitur
602 2103 762 2187 categorias
796 2102 821 2160 si
860 2102 970 2176 recepit
1003 2096 1175 2163 Aristoteles
1212 2085 1380 2168 dialecticas

222 2224 297 2281 quae
331 2210 367 2265 de
396 2207 559 2266 substantia
593 2205 725 2271 sensibili
759 2204 920 2278 praedicari
955 2213 1081 2278 possunt
1110 2207 1278 2282 quibusque
1307 2211 1380 2269 defi·

118 2384 120 2387 ,
168 2386 169 2389 ¹
220 2310 300 2373 uitur
322 2341 363 2350 —
386 2318 430 2367 est
452 2310 531 2367 enim
553 2310 614 2367 fere
637 2306 733 2364 omnis
760 2314 789 2364 et
811 2323 885 2365 usus
909 2315 936 2364 et
959 2307 1174 2380 disquisitionis
1202 2310 1232 2366 in
1256 2310 1379 2384 Cetego-

219 2411 329 2467 riarum
351 2411 425 2466 libro
447 2409 538 2489 tactae
562 2425 650 2466 causa
673 2409 834 2481 dialectica,
864 2425 943 2481 quae
966 2409 991 2466 si
1015 2417 1093 2466 recte
1121 2411 1227 2469 dieitur
1248 2428 1264 2469 a
1286 2421 1379 2471 meta·
1418 2414 1421 2421 '

217 2510 340 2588 physico
370 2509 559 2566 fundamento
590 2503 749 2581 procedere
773 2509 840 2582 quia
863 2510 960 2567 verbis
988 2525 1036 2567 res
1060 2512 1257 2585 declarantur,
1279 2518 1376 2574 rebus

216 2612 306 2673 verba
328 2617 487 2699 provocant
489 2627 533 2682 ur,
557 2609 756 2684 metaphysica
777 2610 927 2688 quidem
920 2619 966 2701 est
981 2613 1193 2684 categoriarum
1217 2615 1376 2689 disputatio

216 2724 245 2774 at
271 2730 331 2772 non
365 2713 421 2771 alio
444 2711 568 2773 nomine
601 2719 688 2784 atque
716 2712 812 2770 onmis
839 2696 988 2798 dialectica
1023 2715 1075 2786 (dc
1099 2732 1156 2799 qua
1181 2733 1214 2774 re
1236 2719 1271 2774 ct.
1296 2735 1376 2775 nunc

170 2813 173 2820 '
215 2817 393 2891 praeclaram
416 2816 452 2873 de
475 2814 708 2872 Aristotelist
663 2815 941 2888 categoriisBonit'
904 2818 952 2872 tzri
966 2817 1203 2891 disputationem,
1223 2820 1375 2894 Sitzungs·

215 2921 274 2977 ber.
299 2920 352 2975 der
373 2918 443 2991 phil.
468 2918 534 2976 bist.
558 2919 596 2975 kl.
621 2918 672 2975 der
693 2908 813 2974 Wiener
834 2920 913 2976 acad.
939 2915 1023 2979 1853
1045 2920 1097 2978 Bd.
1110 2920 1135 2976 X
1143 2918 1288 3000 p-594
1289 2921 1372 2983 -623

215 3015 371 3090 eet-45.
396 3020 431 3076 el.
458 3020 579 3077 Brandis
603 3019 689 3077 Arist.
707 3008 735 3090 1,
752 3019 831 3093 404)
854 3054 895 3062 —
917 3020 987 3094 ipse·
1004 3030 1101 3079 tamen
1125 3023 1295 3095 dignitatem
1313 3027 1372 3083 illis

214 3120 442 3195 metaphysieam
465 3122 496 3178 in
519 3121 716 3195 disputatione
744 3124 780 3180 de
804 3105 967 3191 substantia
998 3125 1108 3205 nullam
1136 3125 1238 3183 tribuit
1261 3127 1373 3184 omnis-
1417 3133 1420 3136 ’

213 3241 270 3298 que
304 3223 465 3281 dividendi.
481 3239 550 3282 cura
573 3223 772 3297 uretaphysiea
799 3239 873 3295 quae
900 3224 1043 3298 principio
1071 3229 1150 3299 quod
1178 3227 1278 3294 dicunt
1294 3235 1372 3285 'eon-

190 3326 392 3392 ,tradietiouis
425 3327 455 3384 in
479 3307 724 3398 mammaeam
756 3326 907 3398 proposito
931 3327 1106 3399 postulatur,
1141 3329 1174 3396 iu
1199 3311 1378 3387 discrimine

209 3428 363 3503 potestatis
387 3436 415 3486 et
437 3437 519 3486 actus
533 3451 541 3501 χ
553 3437 640 3502 atque
663 3427 843 3485 substantiae
867 3422 1017 3487 sensibilis
1041 3437 1069 3487 et
1092 3430 1281 3503 intelligibilis
1304 3447 1366 3488 ma·
1436 3494 1439 3501 ,

143 3560 147 3569 ·
209 3534 358 3604 teriaeque
392 3539 420 3589 et
453 3532 563 3588 formae
592 3537 733 3588 versatur.
783 3516 975 3603 Itaqueiam
1009 3547 1075 3590 cum
1109 3533 1175 3606 ipso
1208 3534 1365 3592 Aristotele

208 3641 337 3706 auctore,
360 3634 389 3691 id
413 3634 492 3706 quod
515 3632 721 3705 gravissimum
734 3618 788 3703 est,
807 3633 956 3691 evanescit
968 3641 997 3691 et
1009 3634 1138 3708 ipsarum
1151 3636 1362 3709 categoriarum
1438 3709 1440 3711 ι

208 3736 412 3811 superstitiosa
435 3736 512 3808 apud
535 3741 671 3807 posteros
695 3741 732 3811 et
746 3733 856 3793 inutilis
880 3736 1046 3794 auctoritas.
1212 3715 1216 3723 ⁵

290 3840 362 3896 Jam
375 3853 445 3920 vere
467 3837 539 3894 nibil
558 3843 652 3893 restat
678 3836 735 3894 nisi
758 3844 790 3894 ut
812 3853 887 3910 quae
914 3854 1004 3913 supra
1026 3834 1062 3897 de
1083 3839 1249 3896 Aristotelis
1271 3820 1362 3898 libro-

200 3959 271 4011 rum
294 3957 417 4000 numero
441 3940 602 4012 ordineque
625 3939 831 4012 chronologico
858 3941 992 4036 pluribus
1019 3944 1215 4000 demonstrata
1238 3950 1307 4000 sunt
1330 3942 1359 3999 in
1389 3921 1391 3925 ’

205 4061 293 4103 unam
317 4043 400 4152 quasi
423 4043 549 4101 tabulam
574 4041 672 4099 omnia
694 4041 919 4100 concludamus:
