2954 5034
733 332 774 414 r'o

177 500 262 583 locus
287 535 375 602 quem
402 527 470 585 citat
497 519 647 587 Fabricius
675 522 822 583 Plutarchi
850 504 1339 593 161111.11611211111161661

83 610 85 614 ¹
178 634 309 700 spectare
331 628 439 705 librum
462 629 498 686 de
521 628 642 687 divitiis..
683 625 846 715 Homepipis
869 623 962 681 huon.
986 620 1067 678 addit
1082 608 1339 701 duoprfpeucor'en

177 714 315 786 Hesiodo
328 745 388 788 non
412 719 519 787 solum
531 732 583 788 sed
596 730 770 788 Archilocho
794 727 881 785 etiam
903 722 1041 796 Euripide
1057 722 1193 780 Choerilo
1217 723 1343 780 collecta

179 827 230 901 (el.
254 830 397 889 Heraclid.
414 831 446 888 b.
462 833 494 889 L.
513 828 542 904 5,
558 829 625 904 st).
671 832 703 888 ln
726 830 835 904 quibus
858 826 996 884 omnibus
1020 822 1134 882 eodem·
1147 824 1234 896 plane
1249 820 1345 881 modo

180 911 244 1003 uuo¹
261 932 295 989 111-
314 933 419 992 ceteris
435 914 649 1006 problematum
664 918 746 990 libris
762 929 927 1005 quaestioni
943 927 1111 1002 propositae
1123 919 1210 998 (Διά
1221 915 1254 985 τί
1266 925 1341 996 etc.)

178 1031 397 1106 subiunguntur
419 1024 532 1107 λύσεις
550 1014 616 1093 ι1116
640 1050 698 1092 una
722 1034 786 1092 sive
806 1034 907 1107 plures
932 1018 969 1112 (ἢ
986 1019 1091 1088 ὅτι-
1106 1016 1126 1109 ἢ
1143 1017 1195 1088 ὅτι
1219 1027 1254 1084 61.
1269 1026 1337 1084 Scb.

181 1132 210 1188 ll.
229 1131 258 1203 2,
275 1131 347 1194 305.
364 1132 394 1207 3,
411 1133 500 1208 277).
545 1131 628 1210 ipsae
652 1151 722 1194 rero
745 1134 933 1208 quaestiones
957 1132 1045 1189 modo
1068 1130 1158 1187 verba
1172 1136 1295 1202 tangunt
1311 1135 1341 1185 et

181 1248 348 1294 sermonem
371 1245 478 1309 poetae
499 1239 587 1295 modo
610 1253 685 1311 quae
708 1237 744 1294 ad
767 1240 970 1309 argumentum
999 1233 1147 1306 pertinent
1173 1230 1254 1288 varia
1277 1229 1340 1287 siue

181 1332 320 1393 historica
348 1337 409 1396 sive
432 1339 628 1414 mythologioa
649 1338 701 1410 (cl.
726 1339 792 1396 Sch.
818 1333 1017 1406 01121211
1041 1336 1077 1392 16
1100 1333 1177 1392 Solis
1201 1329 1344 1405 gregibus

180 1420 451 1507 interpretationem
473 1457 548 1516 quae
573 1427 699 1498 Stoicam
723 1444 846 1497 oetatem
870 1437 946 1511 sapit
968 1426 1151 1511 physicam),
1180 1432 1342 1507 praecipue

83 1519 86 1525 ’
181 1521 377 1599 verocausas
400 1542 691 1615 poeticasvsubtilins
714 1539 774 1599 sere
798 1524 967 1598 observatas
988 1554 1079 1612 quarn
1101 1535 1224 1594 solutas.
1256 1533 1341 1590 Falsa

183 1635 288 1694 deinde
311 1649 381 1699 sunt
403 1644 607 1718 mathematica
630 1643 682 1715 (de
706 1659 836 1715 quorum
849 1641 994 1717 diuisione
1010 1649 1039 1698 et
1054 1639 1185 1713 partibus
1202 1638 1238 1694 cl.
1251 1634 1340 1692 Arist.

182 1737 421 1814 1161111123.
445 1743 527 1800 Aual.
543 1751 619 1816 post.
637 1742 667 1816 1,
683 1741 754 1817 13),
781 1745 861 1802 velut
883 1759 963 1817 -quae
991 1741 1118 1799 maxime
1146 1734 1182 1798 ad
1209 1739 1341 1813 pbiloso-

182 1838 281 1910 phiam
304 1846 447 1903 accedunt
459 1845 602 1919 (Metapb.
617 1844 667 1918 11,
683 1844 720 1918 8)
744 1838 952 1915 astronomica,
974 1832 1088 1900 musica
1101 1840 1249 1915 (ethnal.
1262 1845 1338 1912 post.

184 1937 212 2008 1,
229 1938 285 2013 27)
313 1959 388 2016 quae
410 1948 445 2006 ad
470 1946 681 2006 arithmeticam
702 1949 849 2022 pertinent
876 1947 953 2004 sicut
974 1946 1011 2004 11
1034 1944 1223 2019 geometriam
1246 1930 1341 2013 ophida

182 2048 211 2098 et
238 2045 408 2104 mechanica
440 2049 508 2125 (dn.
533 2059 608 2124 post.
634 2049 662 2124 1,
676 2048 726 2121 13.
750 2047 829 2121 611,
843 2046 873 2108 7.
890 2045 984 2119 1112.
1019 2055 1146 2120 quatuor
1167 2038 1245 2102 enim
1273 2043 1344 2100 11116
1369 2033 1372 2036 ’

183 2143 358 2218 disciplinae
388 2128 609 2212 mathematicae
642 2159 713 2209 sun-t
738 2150 953 2207 Platonicorum
989 2148 1024 2206 61.
1057 2155 1125 2220 post
1152 2137 1343 2203 PlatsR‘em'-

182 2247 328 2318 publicam
351 2250 462 2308 Nieom.
487 2254 559 2326 lsag.
583 2269 624 2310 ar.
648 2270 675 2327 p.
693 2251 736 2311 (19·
747 2268 812 2324 sqq.
837 2250 980 2309 Geminus
1001 2264 1046 2322 ap.
1071 2248 1164 2306 Proel.
1182 2248 1212 2304 iu
1229 2246 1340 2304 Euclid.

183 2363 210 2418 p.
225 2345 264 2405 11
278 2357 333 2407 616.
347 2353 428 2423 etc),
451 2354 486 2409 de
510 2354 619 2425 quibus
631 2355 666 2410 cf.
683 2355 715 2411 b.
731 2355 764 2411 L.
781 2350 810 2424 5,
827 2348 1112 2439 26(24),1)1111111
1126 2349 1222 2422 Gateg.
1236 2343 1287 2418 25,
1300 2345 1341 2406 35

185 2455 213 2504 61
234 2449 304 2505 ibid.
329 2450 459 2523 Simplic.
476 2453 494 2508 1.
511 2449 545 2522 3;
569 2452 678 2528 ubique
701 2448 780 2511 enim
802 2452 975 2510 Aristoteles
998 2452 1048 2509 nbi
1065 2453 1101 2509 de
1117 2453 1220 2508 harum
1235 2450 1340 2508 artium

183 2546 337 2621 principiis
364 2551 424 2623 agit
450 2552 487 2608 16
509 2552 634 2624 singulis
658 2552 825 2626 specialiter
845 2545 1040 2626 inquisituros
1062 2552 1149 2635 11111111
1171 2553 1208 2610 ad
1230 2553 1342 2610 matbe-

184 2648 316 2724 maticos,
340 2652 418 2710 siout
439 2640 655 2715 eodemmodo
678 2657 714 2713 de
736 2653 859 2712 medicis
876 2655 964 2712 rebus
982 2661 1010 2712 ct
1025 2655 1170 2728 georgicis
1185 2655 1222 2712 ad
1236 2655 1340 2711 barino

184 2751 304 2823 peritos.
639 2752 641 2755 ’
1172 2748 1190 2761 ”

253 2854 314 2937 ad
342 2859 563 2928 grammaticum
598 2860 815 2933 quodammodo
850 2867 879 2918 61
904 2859 1086 2933 philologum
1120 2874 1180 2917 non
1208 2874 1279 2917 vero
1305 2860 1342 2916 ad

184 2952 380 3026 Aristotelem,
404 2959 453 3031 qui
476 2967 509 3017 ut
530 2961 674 3035 principia
697 2963 834 3018 ostendat
860 2962 1021 3019 sententias
1048 2961 1178 3035 priorum
1201 2961 1232 3018 in
1255 2959 1342 3018 disci·

185 3054 330 3126 plinarum
368 3057 460 3121 initiis
498 3062 616 3135 primis¹
635 3062 721 3120 lineis
761 3063 838 3120 solet
874 3063 1029 3136 designare
1063 3071 1150 3136 atque
1184 3063 1343 3120 diiudicare

184 3155 273 3212 buius
295 3157 391 3230 ipsius
412 3162 531 3234 generis
553 3164 712 3222 litterarum
737 3156 978 3240 historiaehhaud
1000 3166 1089 3224 dubie
1101 3165 1237 3223 inventor
1258 3165 1342 3236 (uam

148 3308 151 3309 ⁷
184 3257 305 3331 vestigia
321 3268 439 3322 ⁴tautum
456 3244 551 3323 ¹huius
574 3265 695 3322 rationis
718 3271 787 3322 sunt
809 3264 838 3320 in
852 3266 980 3326 Platonis
993 3267 1132 3341 Sophiste
1144 3265 1340 3337 ethaedro),

186 3361 318 3420 nondum
332 3370 430 3424 tamen
453 3344 543 3438 illius,
565 3367 594 3424 id
619 3367 698 3440 quod
723 3366 933 3439 discipulorum
951 3378 1013 3440 erat
1026 3368 1150 3426 ulterius
1166 3369 1223 3426 iam
1240 3383 1342 3442 procc-

185 3463 326 3536 dentium,
337 3467 534 3541 adisciplinae
548 3484 688 3542 corporae
701 3470 823 3542 solutae,
837 3472 873 3527 11
885 3471 1080 3529 recentiorem
1092 3470 1181 3543 igitur
1194 3478 1343 3528 auctorem

184 3565 381 3633 grammaticis
405 3576 502 3626 tamen.
524 3570 581 3628 illis
605 3587 680 3643 quae
696 3573 783 3628 modo
797 3573 932 3630 recensui
945 3575 1043 3653 paullo
1055 3575 1184 3648 priorem
1196 3573 1344 3645 pertinent

185 3663 283 3718 onmia
316 3681 391 3736 quae
417 3669 568 3731 historiam
593 3650 748 3730 *illustrant
781 3674 843 3731 sive
873 3675 1035 3733 rhetoricae
1062 3675 1132 3732 artis
1160 3680 1188 3730 et
1210 3672 1342 3743 poeticae

185 3761 246 3832 sive
269 3765 480 3839 philosophiae.
525 3772 560 3829 m
581 3771 707 3845 primum
737 3775 855 3848 quidem
882 3768 1003 3831 historia
1031 3777 1181 3832 rhetorum
1208 3767 1343 3844 (τεχνῶν

185 3856 356 3947 συναγωγή
380 3858 565 3939 [11124.
589 3874 729 3933 Wenrich
740 3893 768 3949 p.
783 3873 860 3947 146)
889 3877 968 3947 quod
995 3891 1070 3947 opus
1094 3875 1180 3946 quale
1204 3872 1344 3930 describit

185 3959 288 4023 Cicero
310 3969 363 4040 (de
379 3969 488 4026 invent.
505 3971 534 4041 2,
551 3971 580 4029 2.
606 3976 642 4031 16
659 3983 729 4033 orat.
746 3974 776 4047 2,
793 3974 843 4036 38.
868 3977 948 4034 Brut.
966 3974 1023 4048 12)
1046 3975 1141 4033 simile
1158 3974 1211 4032 luit
1224 3981 1252 4032 et
1265 3982 1343 4032 certe

184 4083 324 4147 coaevum
358 4069 417 4128 illis
451 4087 526 4143 quae
561 4074 773 4147 discipulorum
806 4085 1006 4136 memorantur
1039 4079 1119 4136 velut
1151 4075 1343 4150 Theophrasti

184 4159 313 4252 ἱστορία
336 4163 460 4257 φυσική
484 4169 578 4257 (περὶ
600 4175 749 4262 φυσικῶν
772 4173 879 4252 δοξῶν
906 4180 973 4237 libri
985 4180 1070 4237 XVlll
1086 4181 1118 4239 D.
1136 4180 1167 4238 L.
1185 4176 1214 4253 5,
1226 4176 1277 4256 46.
1292 4175 1342 4238 48.

184 4273 219 4328 cl'.
244 4274 317 4332 Plut.
346 4277 409 4344 111.
435 4275 496 4334 Col.
521 4275 571 4335 14.
596 4279 628 4335 b.
645 4280 676 4360 L.
694 4277 779 4361 1122
815 4281 853 4342 Θ.
877 4275 910 4340 ἐν
931 4279 1001 4352 τοῖς
1028 4281 1182 4362 φυσικοῖς
1210 4270 1346 4342 πάντων

183 4367 300 4446 σχεδὸν
323 4370 538 4455 ἐκτιθέμενος
559 4373 601 4442 noi
624 4368 1028 4462 δόγματα.61.8,48.55.
1046 4383 1127 4455 aa)
1156 4401 1244 4458 quam
1268 4384 1344 4443 Sim-
