2992 5032
772 300 836 363 tta

229 474 460 547 scriptastnuma
472 477 535 534 bac
558 476 673 534 consilii
690 473 914 537 ‘necessitudine
936 472 1103 542 coniuncta
1127 478 1158 528 ut
1179 468 1259 528 aliud
1274 471 1311 526 ab
1327 468 1388 526 alio

229 576 385 649 respicitur
415 577 589 651 singulique
621 576 710 634 libelli
744 574 831 637 cuius
863 580 963 646 partes
995 579 1079 630 sunt,
1101 571 1250 630 deciduae
1283 583 1389 629 reuera

230 676 298 735 huic
320 679 467 739 subiuncti
490 679 584 737 fuisse
606 677 701 750 ipsius
724 675 888 734 Aristotelis
914 675 1013 732 verbis
1035 674 1223 744 indicantum·
1241 673 1280 730 ita
1302 685 1390 730 suam

230 780 294 853 ipsa
322 781 523 839 auctoritatem
556 778 683 838 tuentur.
729 777 804 846 Quid
832 777 913 851 quod
945 777 1037 835 multo
1071 777 1192 847 matare,
1208 774 1272 832 iure
1293 789 1391 846 quam

230 881 321 953 Plato,
345 883 430 941 cuius
454 884 514 940 lere
535 881 601 940 libri
619 889 651 939 ut
667 889 735 939 suu-t
748 879 872 954 separati
886 885 972 937 suum
985 877 1112 951 quisque
1123 876 1212 933 finem
1226 882 1393 948 sequuntur

231 983 299 1042 licet
320 984 350 1041 bi
373 984 430 1057 ipsi
453 985 527 1042 lines
550 982 729 1042 necessario·
743 983 871 1055 quadam
899 980 1006 1039 ordine
1028 978 1136 1052 aliique
1158 991 1195 1034 ex
1217 977 1282 1035 aliis
1299 977 1391 1050 quasi

231 1084 365 1158 prognati
388 1085 496 1143 seriem
519 1083 698 1147 constituant
716 1098 761 1140 ex
774 1082 856 1154 ipsa
876 1098 908 1140 re
929 1082 1025 1156 inagis-
1053 1095 1141 1154 quam
1168 1077 1296 1136 auctoris
1318 1089 1393 1138 cott-

232 1185 299 1243 silio
333 1185 450 1256 iacmm,
484 1187 577 1243 multo
610 1185 699 1258 igitur
727 1184 840 1242 maiore
873 1184 937 1242 iure
962 1184 1136 1243 Aristoteles
1168 1181 1317 1254 putandus
1345 1187 1392 1238 est

235 1285 359 1342 consilio
382 1287 613 1359 quodamcerto
646 1274 826 1343 nouaclum
854 1286 1021 1359 singulares
1048 1283 1197 1343 doctrinas
1224 1281 1392 1340 excoluisse

233 1387 288 1444 scd
311 1388 431 1446 omnino
459 1388 489 1445 in
516 1387 674 1445 scribendo
701 1387 738 1445 ab
766 1389 821 1445 bac
848 1389 883 1444 ad
912 1387 989 1444 illam
1018 1384 1180 1442 doctrinam
1209 1382 1394 1456 processisse

234 1488 286 1560 (cl.-
309 1489 396 1546 etiam
418 1489 502 1562 llopp
523 1489 586 1546 Rb'
601 1491 676 1548 llius.
699 1497 755 1547 vet.
772 1490 817 1561 lli,
833 1486 884 1548 94.
907 1489 1000 1546 Ritter
1013 1484 1044 1559 3,
1060 1486 1186 1559 2433),
1209 1485 1249 1543 ita
1272 1484 1392 1556 quidem

235 1597 267 1648 ut
294 1592 422 1664 primum
448 1592 598 1664 proiectus
626 1591 665 1648 sit
692 1607 710 1648 a
735 1591 838 1664 logicis
867 1589 1128 1664 disputationibus,
1165 1588 1233 1661 quia
1257 1588 1323 1644 scil
1339 1587 1394 1644 illu

235 1700 367 1764 ternpore
391 1707 449 1765 quo
472 1692 502 1748 in
525 1692 599 1764 ipsis
622 1693 837 1751 Socraticorum
861 1693 973 1750 sabulis
993 1697 1076 1748 tauto
1097 1705 1153 1747 usu
1165 1697 1304 1762 tantaque
1316 1688 1395 1746 cele-

234 1792 339 1850 britate
372 1792 512 1851 florerent
544 1793 763 1852 dialecticorum
795 1799 873 1851 artes
907 1800 936 1851 et
963 1792 1088 1851 ludibria
1122 1797 1233 1864 quanto
1266 1791 1396 1848 Platonis

236 1893 360 1953 iunioris
384 1902 476 1952 aelate
500 1895 603 1967 ethica,
627 1896 704 1952 sicut
726 1895 837 1953 ethicas
859 1896 1016 1954 Platonem
1032 1892 1258 1952 itadristntelis
1273 1906 1396 1965 qunque

236 1995 333 2052 stridis
360 1996 485 2069 primum
514 1996 676 2054 advertisse
702 1997 812 2071 logices
838 2011 901 2068 res,
932 1995 1041 2069 quibus
1069 1995 1149 2052 omni
1176 1996 1273 2052 littura
1300 1992 1397 2065 pbilo-

236 2098 334 2170 sophc
360 2106 392 2156 ut
418 2098 468 2156 ille
501 2098 620 2156 moralis
654 2098 805 2157 doctrinae
838 2098 877 2156 ita
911 2098 957 2154 bic
990 2096 1104 2170 logicae
1137 2096 1267 2154 theoriae
1294 2103 1397 2154 auctor

175 2258 177 2261 .
237 2200 389 2271 eraderet,
422 2205 451 2257 et
474 2207 706 2259 consentaneum
733 2209 778 2258 est
801 2233 842 2241 -
864 2200 928 2272 ipse
956 2214 1075 2271 quoque
1099 2213 1160 2271 qua
1188 2213 1220 2255 re
1241 2197 1395 2272 analyticis

238 2301 345 2358 studiis
364 2299 516 2372 ‘perlectis
549 2302 675 2358 debeant
708 2303 791 2374 sequi
827 2300 947 2374 physica
981 2302 1009 2357 et
1029 2299 1247 2373 metaphysica
1275 2299 1397 2371 expauit

238 2401 362 2472 Metaph.
383 2396 449 2469 3‚3
475 2431 517 2439 -—
544 2407 574 2456 et
600 2401 673 2473 ipsis
699 2401 863 2461 Aristotelis
891 2401 1032 2459 librorum
1061 2416 1182 2469 suorum
1209 2399 1398 2458 citationibus

238 2499 404 2557 certissime
426 2501 574 2572 probatur.
609 2502 656 2559 De
672 2502 781 2576 quibus
794 2502 913 2576 quidem
926 2503 1113 2562 citationibus
1121 2497 1273 2576 (Ritterd,
1286 2497 1327 2562 35
1333 2503 1395 2575 sq.)

238 2601 322 2658 multi
344 2601 487 2675 aliterque
510 2601 557 2659 alii
581 2602 746 2662 iudicarunt
773 2619 876 2663 omues
899 2611 1011 2676 tamen,
1039 2620 1131 2677 quum
1157 2603 1233 2661 inter·
1260 2618 1327 2662 sese
1350 2617 1397 2662 re·

239 2707 370 2776 pugnare
392 2703 536 2778 plurimas
550 2705 691 2778 viderent,
715 2705 886 2780 quaestioni
897 2706 1133 2764 buicuniversae
1145 2702 1263 2763 inutiles
1276 2705 1396 2769 omniuo

239 2819 291 2861 eas
319 2811 347 2860 et
377 2805 439 2863 sive
466 2807 503 2863 ab
532 2807 597 2880 ipso
624 2814 759 2865 auctore·
777 2807 852 2865 sive
867 2810 903 2866 ab
931 2808 996 2866 aliis
1021 2814 1132 2889 postea
1158 2807 1317 2865 lectoribus
1344 2820 1398 2880 pm

239 2903 331 2962 lubitu
355 2905 483 2964 adiectas
507 2921 574 2965 esse
597 2909 803 2966 declamantes.
839 2909 923 2977 Quod
947 2909 1068 2968 minime
1089 2909 1129 2968 ita
1152 2925 1184 2968 se
1200 2909 1295 2967 babet.
1329 2908 1414 2987 llilti

240 3004 338 3081 potius
366 3023 425 3078 qun
454 3008 562 3080 singuli
589 3010 654 3067 libri
683 3023 742 3083 pro
762 3012 1044 3083 temporisratiuue
1072 3026 1108 3069 se
1127 3011 1273 3084 excipiant
1295 3009 1397 3066 ordine

240 3121 328 3178 quum
361 3107 537 3166 brevissime
577 3109 717 3184 deinceps
751 3113 934 3170 enumeranti
968 3120 1089 3171 externa
1122 3114 1193 3169 baec
1227 3116 1398 3182 argumenta

241 3207 350 3282 quippe
371 3210 623 3284 manifestissima,
652 3222 742 3284 quum
756 3201 825 3287 'ipsi
852 3213 957 3271 rationi
985 3213 1073 3272 simul
1096 3211 1269 3273 consentire
1286 3224 1319 3267 ea
1341 3225 1397 3268 nee

241 3310 268 3368 si
295 3314 384 3371 modo
412 3319 489 3371 recte
517 3314 613 3372 omni-a
642 3315 832 3388 explicaveris
859 3331 935 3389 opus
955 3330 1032 3374 ‘esse
1059 3314 1209 3372 arbitraria
1227 3312 1285 3369 villa
1308 3310 1397 3370 inter·

242 3413 423 3487 palatiorum
457 3414 659 3488 fingendarum
682 3417 794 3476 ratione
822 3417 992 3493 reperiatur,
1021 3415 1288 3489 proatundamenta
1311 3416 1397 3471 erunt

242 3512 450 3585 disputationis
473 3521 638 3578 universae.
683 3519 796 3578 Etenim
823 3518 982 3578 reiicienda
1008 3532 1130 3592 prorsus
1145 3522 1223 3573 sunt
1244 3514 1293 3572 illa
1315 3515 1398 3573 teeti·

242 3614 341 3670 monia
363 3616 413 3672 ubi
435 3627 537 3677 auctor
559 3620 727 3693 significans
751 3621 787 3677 ds
810 3636 841 3677 re
864 3621 961 3692 aliqua
983 3619 1013 3677 iu
1036 3620 1090 3677 alia
1114 3616 1268 3690 disciplina
1291 3614 1397 3676 melius

243 3709 301 3767 dici
324 3720 353 3769 et
374 3716 480 3789 aptius,
504 3736 597 3793 quum
618 3721 648 3778 in
672 3736 789 3778 onmem
815 3720 1020 3795 philosophiae
1046 3718 1189 3793 qubdad
1211 3717 1306 3789 ipsam
1329 3733 1398 3776 sen·

242 3812 362 3871 tentiam
385 3817 530 3888 perlectae
552 3829 640 3895 atque
662 3822 691 3880 in
707 3821 800 3880 libros
812 3823 945 3896 singulos
957 3819 1130 3881 distributae
1141 3817 1398 3878 ambitumoculus

243 3915 328 3986 quasi
351 3924 510 3989 convertat,
538 3924 681 3993 quaedam
704 3939 779 3997 quae
802 3932 909 3996 mente·
922 3923 980 3981 iam
1003 3922 1168 3994 studiisque
1190 3926 1326 3991 constant
1348 3935 1399 3977 ex·

245 4018 382 4093 ponenda
404 4032 471 4080 esse
494 4019 551 4077 alio
573 4022 604 4081 in
626 4025 691 4082 loco
714 4025 817 4082 volens
838 4025 971 4099 exposita
994 4038 1062 4081 esse
1085 4023 1153 4080 alibi
1176 4022 1204 4080 id
1226 4028 1272 4080 est
1291 4022 1398 4094 exponi

244 4121 366 4191 mundat,
389 4119 466 4179 sicut
487 4136 629 4194 praesens
652 4140 740 4199 saepe
762 4133 807 4184 est
828 4142 882 4200 pro
896 4105 1002 4185 ¹futuro
1026 4133 1055 4184 et
1076 4138 1129 4198 pro
1154 4124 1268 4182 dicetur
1282 4123 1397 4194 dicitur,

244 4226 283 4282 ita
305 4239 379 4293 usus
406 4221 535 4297 perfeeto
562 4223 593 4281 in
609 4227 736 4289 modum
770 4227 889 4303 perlecti
917 4226 1005 4284 taturi
1028 4235 1064 4285 et
1089 4226 1293 4300 philosophiae
1316 4225 1397 4285 loeas

244 4332 402 4399 partesque
423 4332 529 4384 ,rneute
559 4325 615 4387 iam
646 4328 729 4399 quasi
759 4329 990 4402 praeexistentes
1017 4327 1159 4403 indicans.
1206 4330 1283 4395 lissa
1310 4327 1398 4400 igitur
