2992 5032
765 347 826 406 lttt

220 530 396 593 St-Hilairet‘
410 520 603 600 Psyohologic
616 519 780 588 d’llristote,
794 515 968 589 Opusculcs,
983 511 1063 568 Paris
1076 506 1159 570 tart
1173 507 1270 583 pret
1280 526 1327 582 sq.
1336 538 1382 562 ,w

219 634 326 691 librum
354 626 392 687 de
407 632 499 685 'motu
525 622 747 698 praeparantem
771 619 943 692 ipsumque
953 614 1033 673 hunc
1048 613 1168 672 ,librum
1195 609 1383 682 adscripsit),

220 735 315 792 itant
335 737 473 789 tractatus
496 725 538 784 illi
561 722 726 796 singulares
749 720 868 794 quidem
890 724 971 774 carto
981 724 1079 774 tamen
1088 713 1215 772 consilio
1229 710 1383 769 coniuncti

221 836 258 893 66
284 833 398 891 animae
432 826 585 886 sentientis
619 826 764 896 qnatenus
797 819 913 892 corpori
938 825 993 876 661
1019 816 1118 874 166616
1146 813 1300 872 affectibus
1324 813 1383 870 hoc

221 931 303 992 libro
317 931 465 999 finiantur,
494 933 666 1000 separentur
692 924 711 982 ii
740 918 790 996 qui
817 921 853 979 ad
880 920 1007 978 animant
1030 923 1222 991 vegetamen
1235 918 1382 988 66661661.

75 1047 78 1052 ·
114 1106 116 1109 ,
222 1035 252 1091 16
276 1048 335 1106 quo
357 1031 423 1089 loco
439 1029 533 1112 'digna
556 1040 637 1099 quae
653 1029 898 1082 commemoretur
919 1029 964 1079 est
986 1019 1064 1076 idem
1081 1017 1236 1075 statuentis
1249 1017 1383 1074 Thomae

219 1131 375 1207 'equinatis
409 1131 445 1186 de
473 1128 575 1186 ordine
605 1125 755 1185 zoioorum
780 1122 947 1195 disputatio
980 1121 1108 1192 (1161616.
1130 1118 1162 1175 16
1185 1118 1202 1174 1.
1218 1116 1266 1173 66
1287 1124 1382 1173 sensu

162 1271 171 1289 .
223 1232 288 1291 11.
313 1232 386 1304 Opp.
411 1229 456 1288 ed.
480 1228 562 1285 Rom.
574 1223 670 1286 1570.
693 1234 712 1282 t.
730 1225 797 1295 lll),
820 1223 871 1296 qui
886 1231 1049 1296 postquam
1074 1227 1135 1279 tres
1159 1217 1260 1277 statuit
1282 1222 1383 1289 partes

222 1335 261 1392 ita
283 1332 372 1389 utin
404 1328 561 1403 primate
589 1328 686 1385 anima
714 1325 794 1395 lihri,
823 1324 852 1381 in
887 1323 1017 1381 secunda
1050 1321 1116 1379 lihri
1140 1322 1289 1377 6666666
1313 1331 1382 1374 curn

223 1432 359 1506 reliquis,
386 1430 453 1489 libri
481 1429 672 1507 denique'dc
689 1425 875 1491 ,animalibus
899 1433 932 1491 61
958 1423 1065 1497 6166116
1088 1419 1225 1480 16161116
1249 1416 1384 1479 contiue-

224 1541 336 1604 rentur,
350 1531 501 1590 librorum
511 1529 739 1602 mediaepartis
760 1526 871 1600 primos
894 1532 961 1598 post
982 1531 1043 1582 tres
1067 1525 1103 1583 de
1125 1522 1222 1580 anima
1244 1519 1391 1603 iudicarit

225 1650 292 1696 esse
303 1656 304 1660 ¹
315 1649 368 1692 666
392 1631 441 1706 qui
464 1631 501 1688 66
521 1630 697 1688 'sensitivam
710 1628 874 1702 pertineant
891 1628 1048 1698 (de-sensu
1061 1636 1186 1684 etmem.
1201 1623 1384 1693 66661666),

214 1736 333 1809 ‘quihus
367 1709 515 1792 coniuncti
549 1731 609 1788 sint
642 1730 700 1802 qui
718 1729 754 1786 ad
781 1728 921 1785 motivum
957 1728 1120 1798 (6666666
1142 1723 1383 1789 1661666616161.

225 1838 262 1894 66
282 1840 443 1907 progressu
466 1832 580 1903 anim),
608 1831 702 1888 ultimi
730 1820 858 1900 deniqne
884 1828 935 1900 qni
963 1829 999 1885 ad
1022 1827 1120 1884 vivum
1143 1825 1309 1899 pertineant
1329 1825 1384 1897 (dc

225 1949 304 1995 caus·
328 1936 407 2008 long.
431 1940 461 1991 et
476 1933 560 1989 brer.
584 1931 669 2001 vitae,
694 1931 730 1988 de
752 1930 861 1987 611661
883 1931 1002 1999 morte).
1049 1928 1084 1984 At
1111 1927 1231 1984 minime
1258 1933 1324 1998 apte
1352 1925 1383 1983 in
1459 1998 1462 1999 ⁷

224 2034 330 2094 mediis
352 2035 398 2092 his
421 2033 504 2090 lihris
527 2033 658 2090 nondum
680 2038 798 2104 peracto
822 2044 959 2087 sermone
982 2031 1019 2087 de
1035 2027 1148 2086 animae
1162 2027 1384 2100 operationibus

225 2137 247 2193 i,
268 2144 298 2194 c.'
324 2134 360 2191 de
389 2133 518 2192 motihus
546 2133 714 2191 animalium
742 2131 793 2203 (cl.
816 2132 903 2205 Phys.
920 2126 992 2201 253,
1009 2129 1060 2188 11.
1072 2127 1215 2201 ettae)
1240 2161 1285 2169 =-
1313 2143 1383 2195 narn

226 2239 303 2296 sicut
325 2251 447 2294 somnus
470 2235 624 2308 respiratio
649 2233 735 2291 etiam
758 2239 932 2305 ceteraeque
948 2221 1017 2291 κατ’
1035 2218 1172 2311 αὔξησιν
1187 2221 1385 2312 6616661666

225 2327 492 2418 κινήσέις166166
515 2345 584 2394 6661
610 2336 748 2407 idemque
775 2333 806 2389 in
830 2335 916 2390 corde
939 2342 1036 2391 motus
1059 2332 1175 2389 initium
1198 2333 1385 2402 6611661166

225 2447 270 2497 66.
289 2434 385 2506 3,10.
410 2435 622 2508 661661611)
646 2467 688 2476 -
715 2435 751 2492 66
765 2433 916 2491 66166166
942 2449 1031 2492 66666
1058 2443 1156 2492 motus
1180 2434 1329 2506 quaeritur
1352 2442 1385 2492 ut

225 2539 265 2596 ita
288 2536 382 2595 dicam
408 2537 607 2611 metaphysica
634 2533 1055 2607 (6116111166616661661166.
1086 2541 1187 2592 octavo
1211 2535 1300 2593 61116
1323 2534 1385 2597 lere

226 2647 258 2698 ut
284 2637 375 2712 partis
405 2638 557 2697 cuiusdam
585 2638 678 2695 instar
705 2636 765 2694 sint
790 2636 862 2693 haec
888 2635 1029 2692 librorum
1057 2631 1141 2716 περὶ·
1163 2624 1323 2717 κινήσεως
1346 2633 1383 2694 61.

225 2740 304 2813 1611.)
327 2741 460 2798 nectale
483 2739 554 2812 quid
576 2739 606 2796 in
629 2737 781 2811 prooemio
804 2738 856 2809 (dc
872 2751 964 2795 sensu
981 2735 1015 2808 1)
1038 2738 1198 2796 indicatur:
1222 2737 1277 2795 6116
1302 2737 1383 2796 66161

225 2847 272 2899 661
294 2840 427 2912 quaestio
456 2842 492 2897 de
521 2847 619 2898 motus
647 2855 736 2897 66666
764 2839 819 2896 6116
847 2853 981 2911 quaeque
1003 2841 1041 2898 ad
1063 2840 1159 2899 ethica
1180 2826 1383 2913 pertineatde

225 2939 354 3014 appetitu
387 2948 415 2997 et
449 2939 586 3012 cupidine
620 2941 655 2997 de
683 2941 830 3010 voluptate
858 2946 887 2996 61
914 2942 1096 3013 aegritudine
1129 2942 1231 3000 66661
1259 2941 1384 2999 eandem

226 3055 349 3098 censeas
382 3039 481 3096 verbis
510 3039 571 3095 11116
601 3057 629 3112 p.
652 3037 724 3110 436,
746 3037 849 3097 c—tt
884 3055 984 3099 revera
1011 3043 1065 3102 116,
1077 3042 1254 3116 promittitur
1286 3049 1318 3098 ut
1345 3043 1384 3099 de
1460 3103 1462 3105 ,

225 3155 330 3199 somno
353 3146 407 3196 etc.
441 3138 621 3219 promittitur
641 3137 742 3212 6.16;
778 3157 848 3205 nam
874 3141 898 3199 61
926 3145 963 3202 66
997 3145 1054 3204 11116
1077 3142 1281 3214 similibusque
1305 3157 1382 3214 quae

219 3241 457 3315 huiusgeneris,
477 3255 544 3298 esse
567 3241 718 3300 contendit
740 3244 796 3301 hoc
818 3242 883 3316 ipso
908 3244 1016 3303 1661616
1043 3245 1197 3306 dicendum
1222 3241 1278 3300 sihi
1301 3258 1381 3301 nune

225 3357 297 3400 asse
316 3341 564 3416 sanesigniticat,
587 3359 647 3402 666
674 3351 772 3402 tamen
803 3345 839 3403 de
861 3346 999 3404 omnihus
1028 3359 1103 3418 quae
1124 3342 1258 3401 numerat
1281 3359 1383 3402 revera

224 3445 281 3502 hoc
304 3446 368 3503 loco
392 3445 538 3504 dicturum
560 3459 629 3502 eum
652 3460 719 3503 6666
743 3447 877 3520 sequitur
899 3447 950 3516 (cl.
976 3446 1025 3519 qui
1048 3444 1156 3519 optime
1180 3445 1216 3503 de
1238 3445 1380 3503 hocloco

219 3547 362 3620 exposuit
383 3545 580 3605 Alexandrum
603 3546 633 3604 io
657 3548 808 3618 prooemio
832 3565 937 3606 comm.
955 3548 997 3607 «ad
1009 3549 1027 3604 l.
1045 3548 1081 3604 de
1094 3563 1186 3606 sensu
1198 3527 1218 3605 f}
1230 3543 1300 3607 931).
1310 3545 1380 3618 94).

222 3648 324 3719 Neque
347 3645 477 3705 enimin
501 3646 578 3706 serie
600 3646 742 3704 librorum
765 3665 840 3721 quos
864 3656 969 3707 vocant
990 3649 1079 3705 Parva
1108 3649 1250 3706 naturalia
1273 3650 1400 3706 deesse

223 3745 334 3818 aliquid
357 3745 471 3804 videtur
487 3749 545 3821 (cl.
570 3745 673 3804 16111.
698 3748 735 3805 de
758 3749 836 3823 long.
860 3750 925 3823 611.)
947 3749 1082 3822 maleque
1106 3763 1162 3807 666
1179 3748 1237 3806 6116
1252 3749 1379 3821 quodam

223 3845 397 3919 interposito
424 3849 534 3905 nedum
561 3847 772 3922 physiologicis
802 3852 939 3910 omnihus
968 3850 1063 3909 dirimi
1076 3851 1163 3916 illud
1189 3851 1276 3908 etiarn
1299 3865 1380 3908 com-

222 3947 334 4020 probat,
359 3947 439 4020 quod
462 3964 536 4020 quae
554 3952 594 4009 ad
619 3949 724 4007 librum
749 3951 796 4009 de
808 3961 952 4011 6666661
969 3951 1114 4012 *memoria
1140 3953 1227 4010 etad
1252 3953 1379 4031 animam

223 4047 397 4107 sentientem
427 4047 467 4105 116
492 4050 619 4121 pertinet
646 4051 779 4123 quaestio
800 4054 846 4112 de
866 4068 971 4114 somno
994 4061 1026 4112 ut
1048 4069 1107 4112 uno
1128 4053 1214 4113 titulo
1236 4053 1284 4111 hic
1305 4053 1380 4113 liher

222 4165 239 4208 a
259 4148 386 4223 posteris
412 4149 508 4221 (6116
531 4149 594 4222 1666
617 4151 635 4206 l.
660 4153 696 4209 de
719 4160 816 4212 motos
839 4155 983 4226 clausola)
1000 4154 1112 4214 ,citetur
1133 4146 1297 4214 Aristotelis
1320 4157 1379 4228 „de

221 4251 362 4311 memoria
384 4258 414 4309 et
436 4252 565 4324 somno'f,
589 4252 692 4309 eadem
714 4260 811 4313 tamen
834 4269 907 4315 cum
924 4256 1030 4314 ceteris
1053 4271 1128 4329 quas
1139 4256 1390 4319 sihi-tractandas

220 4335 495 4434 6161116666616
527 4345 742 4435 θεωρητέον)
766 4355 988 4428 quaestionibus
1021 4357 1050 4414 in
1078 4358 1237 4430 prooemio
1271 4359 1376 4429 horum
