2954 5034
673 361 692 420 9
715 354 718 360 .

106 537 239 606 tempore
261 544 318 591 nna
341 544 407 591 curn
430 529 572 605 sapientia
596 529 652 587 illa>
666 530 790 604 mythice
814 537 843 586 et
864 527 1001 601 religiosa
1017 524 1146 585 invectas
1161 530 1261 583 osteo·

106 635 179 692 dunt
206 635 366 706 fragmenta
392 630 705 690 DemocritiPliniana
733 629 874 701 (choen.
891 621 942 699 10,
959 626 1014 701 12)
1042 628 1078 687 de
1105 620 1260 684 medicinis

106 732 274 791 animalium
308 735 472 806 plantarum
498 731 629 804 lapidum
651 731 831 804 Pythagorae
854 729 959 787 similia
981 756 1022 769 ω
1037 727 1157 786 Plinius
1179 724 1261 790 simif

18 904 23 915 Ι
105 830 183 893 libus
217 849 336 906 quoquc
369 832 453 890 libris
485 831 556 890 satis
589 831 757 889 recentibus
772 827 910 887 ‘Hesiodi
939 829 1050 887 Musaei
1066 827 1190 902 Drphei
1224 827 1260 884 dc

106 933 212 992 ellectu
233 935 391 991 herbarum
414 949 487 993 usus
510 942 555 991 est
577 932 734 1005 postremis
757 931 885 991 Graecae
912 929 1050 987 historiae
1076 929 1259 1002 temporibus

105 1014 198 1106 quum
220 1035 378 1108 plurimum
401 1034 547 1107 probatis3
571 1033 868 1105 animadvertendum*
883 1029 1025 1088 enimest
1039 1030 1118 1102 quod
1130 1029 1259 1087 Arabum

13 1158 17 1166 ·
87 1134 275 1208 'versionem
305 1144 380 1209 quae
402 1137 464 1194 lere
483 1151 521 1193 ea
543 1134 673 1192 referunt
695 1147 771 1206 quae
789 1131 1067 1204 ,Neoplatonicorum
1087 1130 1261 1189 ultimorum

105 1238 250 1309 ternpore
262 1237 434 1310 legebantur
456 1236 621 1308 eademque
632 1236 808 1308 >plerumque
824 1248 899 1306 quae
915 1234 1002 1295 nobis
1018 1247 1146 1306 quoqne,
1165 1231 1261 1288 multa

105 1336 174 1394 inde
193 1339 334 1407 tulerunt,
360 1338 620 1411 relut'lregmenta
638 1336 709 1395 iibri
732 1335 883 1394 cuiusdam
907 1335 1087 1409 Pythagorae
1110 1333 1146 1390 de
1162 1332 1260 1394 virtut

105 1439 187 1496 herb.
204 1448 258 1498 etc.
283 1439 372 1511 (Plin.
388 1438 440 1510 24,
457 1435 528 1500 101.
545 1436 597 1512 25,
614 1437 643 1497 6.
660 1437 706 1495 ed.
722 1436 802 1510 Dip.)
825 1436 931 1494 medici
954 1435 1064 1493 Arabes
1086 1432 1260 1507 saepissime

105 1539 203 1608 citant,
227 1540 352 1599 maxiuie
375 1540 516 1613 Serapion
540 1549 569 1599 et
590 1538 829 1609 loo-el-Benarr
854 1537 942 1596 iidem
958 1535 1259 1604 Hermeticadllosue,

104 1639 345 1713 ibn-el·Beitar)
375 1641 411 1700 cl.
433 1641 526 1702 Casiri
542 1640 571 1713 1,
587 1639 660 1702 art.
694 1639 883 1698 Schmblders
905 1637 988 1696 Essai
1011 1655 1039 1712 p.
1056 1635 1119 1694 124
1132 1652 1196 1709 sqq.
1218 1642 1273 1724 '-.

105 1735 307 1816 physiologica
321 1732 411 1815 vapud
438 1743 590 1801 Aelianum
619 1749 648 1798 ct
674 1730 810 1812 κανόνες
838 1757 855 1798 a
882 1740 970 1799 Sexto
997 1738 1144 1812 Empirico
1172 1737 1260 1805 citati,

68 1904 71 1910 ,
106 1842 193 1910 etiam
226 1845 330 1909 ethica,
354 1832 593 1917 multosvestigia
620 1843 749 1900 Platonis
776 1843 891 1916 legunt3
928 1841 1003 1898 liber
1029 1841 1157 1913 deniqne
1184 1832 1268 1922 περὶ

103 1935 263 2025 ’γεωργίης
289 1944 434 2004 Arubihns
463 1946 550 2004 etiarn
577 1951 666 2002 notus
693 1944 779 2002 ouius
808 1943 837 2001 in
865 1941 1041 2016 Geoponiois
1065 1941 1195 1999 Cassiani
1219 1942 1260 1998 le·

106 2052 211 2102 cuntur
232 2047 394 2118 fragmenta
415 2048 491 2106 inter
513 2062 546 2104 se
569 2060 628 2103 non
652 2045 847 2116 secernenda,
870 2045 1025 2104 Aristotele
1048 2051 1077 2101 et
1097 2044 1261 2117 Protagora

107 2144 205 2202 iunior
232 2154 291 2217 est;
326 2148 381 2205 alia
415 2148 504 2207 multa
533 2162 568 2203 ex
596 2145 670 2218 ipsis
702 2145 799 2204 titulis·
829 2153 966 2218 suspecta
995 2152 1073 2203 sunt.
1123 2146 1163 2202 Ea
1191 2158 1262 2202 vero

108 2245 267 2317 fragmenta
301 2262 376 2320 quae
410 2262 446 2305 ex
479 2246 733 2319 gnomologiorum
768 2245 962 2317 scriptoribus
995 2244 1163 2303 christianis
1192 2253 1262 2317 post

108 2346 248 2404 Orellinm
272 2348 396 2407 Mullach
423 2348 534 2406 multos
561 2345 680 2418 quidem
694 2341 764 2403 ille
778 2354 807 2404 et
829 2345 984 2404 universae
997 2346 1087 2404 Dem.
1111 2346 1283 2421 doctrinae

89 2438 136 2505 'et
158 2449 263 2508 horum
285 2455 373 2508 notos
395 2450 492 2509 sontes
517 2454 634 2531 praeter
655 2446 767 2509 Arabes
794 2445 947 2520 negligens
968 2447 1069 2518 (velut
1091 2447 1261 2506 Michaeleln

108 2549 306 2624 Apostolum,
329 2550 471 2610 loannem
494 2549 669 2622 Georgidem
691 2547 760 2620 etc.)
788 2549 917 2622 collegit,
951 2563 1026 2622 quae
1043 2547 1174 2620 quidem
1201 2558 1261 2607 non
1299 2584 1302 2586 v

109 2651 211 2708 solnm<
238 2652 436 2711 Democritum
469 2652 671 2709 Democratem
704 2651 756 2722 (de
785 2665 843 2723 quo
871 2651 896 2707 si
925 2658 1099 2708 recta'sunt
1125 2651 1262 2709 lemmata

107 2752 278 2812 Atheniensi
293 2756 336 2812 cf.
358 2756 439 2814 Stoh.
460 2753 500 2812 Fi.
524 2750 574 2825 13,
590 2749 642 2813 30.
659 2750 710 2823 22,
725 2749 777 2810 43.
801 2751 836 2808 cl.
859 2750 1061 2824 MiehrApost.
1078 2750 1107 2823 2,
1124 2750 1180 2824 92)
1199 2752 1262 2809 :De-·

107 2856 270 2928 mophilnm
293 2858 520 2916 Demosthenem
548 2854 674 2913 miscent
700 2854 755 2911 sed
782 2854 905 2912 eandem
928 2852 1102 2911 sententiam
1125 2853 1173 2912 alii
1196 2851 1261 2912 aliis
1295 2914 1300 2922 ,

109 2957 284 3030 saepissime
304 2958 447 3029 tribuunt,
471 2972 505 3016 ea
527 2956 607 3014 omni
627 2963 729 3014 carent
751 2954 935 3026 auctoritate3
958 2954 1034 3014 inter
1049 2970 1125 3028 quae
1137 2955 1260 3015 illullach

108 3059 207 3116 orriuia
234 3059 283 3117 ille
310 3060 507 3118 commiscens
534 3059 678 3131 quaedam
707 3058 795 3116 hahet
820 3063 920 3130 aperte
946 3057 1031 3115 laisa:
1070 3073 1138 3115 nam
1166 3066 1198 3116 ut
1225 3059 1261 3116 de

108 3160 278 3217 Democrate
300 3160 395 3219 alieno
417 3167 529 3218 taceam
551 3161 746 3234 fragmentum
774 3157 838 3216 eius
861 3154 924 3217 130
947 3172 982 3215 ex
1005 3158 1131 3218 Antonio
1154 3178 1182 3234 p.
1198 3158 1261 3220 377

108 3261 397 3334 petitumPlutarchi
420 3261 515 3335 ipsius
538 3263 625 3320 verba
648 3268 718 3319 sunt
739 3261 769 3318 in
790 3261 867 3318 libro
890 3260 926 3316 de
941 3260 991 3316 lib.
1008 3260 1122 3319 educat.
1135 3261 1165 3318 4.
1198 3261 1261 3320 Jam

107 3378 177 3420 vero
199 3371 315 3436 praeter
336 3366 411 3421 hanc
433 3364 694 3437 Hippocrateorum
710 3368 739 3419 et
753 3360 1001 3418 Democriteorum
1014 3361 1261 3431 comparationem

108 3466 144 3521 ad
167 3465 415 3537 Pythagoreorum
442 3465 594 3522 historiam
621 3463 768 3536 pertinere
796 3462 871 3516 hanc
898 3473 1017 3531 quoque
1039 3459 1076 3516 de
1098 3461 1263 3521 Democrito

109 3563 336 3635 disputationem
360 3572 388 3621 et
410 3564 502 3621 salsus
529 3564 577 3621 ille
605 3564 642 3621 de
663 3561 826 3634 Pythagora
853 3559 929 3616 liber
954 3541 1082 3618 ostendit
1109 3571 1177 3635 post
1199 3565 1262 3624 Pla·

108 3664 187 3723 tonis
211 3664 330 3723 demum
351 3672 468 3737 tempus
485 3663 601 3736 scriptis
614 3661 813 3735 peculiaribus
829 3662 972 3720 illustrato
987 3661 1077 3720 veluti
1091 3661 1263 3728 Xenocratis

108 3765 277 3824 Heraclidis
291 3765 549 3827 Pseudaristotelis
572 3765 700 3824 Zenonis
723 3763 889 3823 Aristoxeni
912 3763 1089 3837 Dicaearchi,
1118 3774 1146 3825 et
1168 3768 1263 3827 Plato·

109 3868 193 3926 nicae
214 3882 465 3941 numerorumque
488 3883 554 3927 cum
578 3875 742 3926 atomorum
765 3866 896 3924 doctrina
918 3866 1061 3938 quaedam
1078 3870 1211 3928 conlusio
1227 3874 1263 3931 ab

109 3973 259 4046 Ecphanto
282 3970 463 4046 Pythagoreo
486 3977 515 4028 et
531 3968 684 4028 Heraclide
706 3968 830 4043 aliisque
853 3970 936 4040 lacta,
959 3968 1147 4043 Platonisque
1170 3971 1264 4046 ipsius

109 4073 227 4131 Timaeo
251 4073 320 4131 tulta
343 4081 372 4132 et
392 4089 467 4131 vera
484 4075 609 4146 quadam
633 4071 822 4130 similitudine
845 4071 896 4142 (cf.
913 4069 1000 4129 Arist.
1017 4072 1054 4128 do
1070 4071 1158 4130 Coelo
1175 4071 1204 4144 3,
1217 4075 1263 4146 4),

53 4183 55 4188 ·
111 4177 150 4233 ita
182 4175 300 4249 quidem
333 4174 529 4233 Alexandrina
559 4173 727 4233 coniectura
758 4174 809 4246 (cl.
832 4168 911 4231 istem
934 4173 1113 4246 judicantem
1142 4176 1263 4234 Krische
1337 4213 1339 4215 ·

112 4274 230 4336 Forsch.
248 4279 267 4348 l,
284 4274 361 4350 145)
394 4278 550 4352 explicata.
569 4286 601 4336 ut
628 4274 809 4351 Pythagorici
843 4274 996 4333 cuiusdam
1020 4275 1196 4348 discipulum
1219 4276 1264 4334 in-
1294 4354 1297 4358 ,

65 4429 69 4436 .
111 4379 219 4438 certius
242 4379 368 4450 primum
392 4380 498 4438 deinde
526 4379 665 4438 aridacius
689 4377 810 4435 Philolai
834 4376 1028 4434 Democritum
1057 4376 1150 4434 luisse
1172 4377 1263 4452 finge-
