2992 5032
728 341 802 448 ,88
900 293 1039 429 '3¹

206 534 263 592 que
286 518 337 592 26,
352 518 446 580 8,-9.
471 510 522 578 10.
544 514 611 588 32).
635 524 637 528 ’
660 513 755 586 Atque
787 513 907 571 ontrtinc
940 514 1025 588 primi
1053 510 1234 586 Peripatetici
1269 516 1361 571 tetra·

207 627 320 679 etentes
353 622 438 680 leem
460 621 504 681 ,ah
536 616 693 677 Aristotele
722 621 792 672 ante
824 620 970 679 tractatos
989 615 1119 690 magistri
1143 612 1361 688 quodammodo

205 710 464 782 commentatores
487 728 583 792 crant,
620 717 658 776 ita
693 716 812 790 quidem
845 723 877 775 nt
908 716 1057 777 Eudemus
1095 704 1118 778 ὃ
1139 703 1364 798 γνησιώτατος

208 822 326 896 (Simpl.
350 825 380 882 in
395 825 483 899 Phys.
500 821 577 894 93h)
600 834 677 879 euru¹
691 818 787 892 qnasi.
798 809 1028 903 παραφράζων
1050 820 1100 891 (ei.
1114 818 1215 892 Simpl.
1233 809 1362 875 01215.

207 923 385 999 antaee.)
412 931 473 1000 per
493 923 591 985 nustria
618 928 794 995 sequeretur
825 922 878 993 (cl.
901 921 1008 982 ttae.
1026 922 1120 996 242),
1158 921 1187 978 id
1220 915 1312 993 'quod‘
1335 927 1364 976 et

208 1026 308 1086 lithiea
331 1028 438 1087 docent
459 1043 476 1084 a
499 1025 656 1099 Spengelio
680 1024 717 1081 ei
730 1023 1270 1101 redditaetPhysieorurniragtnenta‚
1292 1020 1366 1087 nihil

210 1128 271 1187 lere
302 1128 480 1189 nisinovas
511 1127 652 1202 libroruin
681 1125 932 1186 Aristotelicorum
968 1123 1365 1186 recensionesncontinentia

210 1230 264 1300 (el.
275 1229 468 1309 Theophrasti
479 1228 601 1288 Politice
612 1227 644 1285 D.
658 1227 690 1283 L.
702 1212 737 1300 5,
751 1226 819 1299 24),
842 1218 1061 1302 Theophrastus
1084 1244 1153 1286 vere
1171 1216 1189 1287 ὁ
1205 1243 1366 1308 κορυφαι-

212 1320 332 1405 ότατος
346 1331 489 1405 quaedam
504 1330 628 1389 liberius
650 1335 775 1387 mutaret
797 1328 939 1403 aliterque
963 1331 1135 1405 disponeret
1157 1330 1211 1403 (cl.
1229 1342 1257 1386 e.
1277 1344 1305 1403 g.
1329 1329 1367 1386 de

210 1432 328 1507 Topicis
355 1432 421 1493 eius
443 1433 543 1491 Procl..
560 1432 589 1488 in
613 1430 716 1488 Pornr..
730 1447 757 1503 p.
775 1428 817 1491 20
840 1426 945 1505 Cous.)
973 1434 1003 1491 in
1031 1428 1160 1491 brevius
1178 1433 1366 1501 contrahens,

211 1535 356 1607 quaedam
370 1549 440 1593 vero
456 1533 595 1606 peculiari
612 1546 701 1605 opera
719 1514 832 1604 augens
854 1534 905 1605 (el.
923 1535 959 1593 de
975 1551 1010 1593 eo
1023 1534 1147 1592 brandis
1162 1535 1181 1592 l.
1194 1549 1219 1591 c.
1236 1545 1264 1606 p.
1277 1530 1368 1603 284),

213 1635 309 1695 Strato
336 1635 464 1708 denique
490 1635 519 1692 in
543 1632 644 1702 multis
671 1634 706 1690 ab
733 1633 904 1693 Aristotele*
917 1637 1061 1695 recedens
1082 1635 1218 1710 singulos
1239 1635 1369 1708 discipli·

213 1751 319 1814 narum
346 1744 375 1794 ct
403 1734 559 1808 praecipue
586 1734 784 1807 physicarum¹
803 1736 885 1793 locos
911 1738 1066 1810 separatim
1093 1745 1219 1801 tractare
1245 1739 1369 1797 omnino

212 1835 321 1907 mallet,
344 1834 430 1894 euius
451 1835 527 1894 inter
548 1824 770 1911 μονοβίβλους
793 1836 915 1910 Diogeni
930 1840 963 1896 l..
987 1827 1178 1898 enumeratos
1200 1839 1369 1913 Simplicius

215 1935 283 1994 citat
300 1936 412 1994 librum
433 1931 513 2020 περὶ
533 1928 701 2019 προτέρου
720 1931 776 1999 καὶ
798 1927 937 2020 ὑστέρου
960 1942 1043 2013 (Seh.
1056 1942 1103 1999 Br.
1115 1939 1168 2013 89,
1184 1927 1300 2013 taso,
1312 1936 1375 2012 12)

213 2045 244 2096 et
264 2031 344 2120 περὶ
358 2028 518 2121 κινήσεως
539 2039 585 2112 (in
600 2039 687 2112 Phys.
701 2039 719 2096 i.
736 2038 808 2104 225.
833 2044 869 2100 ci.
882 2039 970 2115 tos),
994 2045 1029 2102 et.
1042 2037 1120 2123 περὶ
1133 2034 1252 2126 χρόνου
1268 2042 1371 2115 Simpl.
1399 2080 1402 2081 ν

204 2134 257 2217 'in
272 2143 357 2218 phys.
379 2139 451 2203 187.
472 2138 564 2215 tato.
587 2133 787 2224 1890,’περὶ
812 2142 872 2204 τοῦ
893 2144 989 2206 κενοῦ
1016 2145 1034 2202 i.
1057 2143 1128 2205 153.
1159 2145 1250 2206 osto.
1278 2140 1370 2204 1550.

214 2246 307 2326 1631).
336 2243 431 2332 (περὶ
449 2236 577 2310 educo?
599 2240 711 2316 1441)).
761 2245 875 2313 Quibus
904 2250 1116 2321 comparandae
1139 2247 1374 2306 sunt'librorum

216 2352 350 2414 eiusdem
377 2352 481 2412 aetatis
505 2343 847 2422 pseudaristotelicorurn
869 2349 944 2408 tituli
967 2359 1074 2424 partes
1088 2349 1229 2422 quasdam
1252 2349 1282 2407 in
1305 2349 1374 2406 uni·

215 2467 319 2512 versae
341 2452 514 2524 disciplinae
539 2453 643 2503 tenore
666 2443 723 2501 iam
746 2436 888 2509 tractatos
907 2451 1070 2509 accuratius
1093 2452 1198 2509 iterum
1212 2439 1373 2530 'expositas

215 2533 288 2611 esse
307 2553 522 2628 significantes,
550 2547 587 2604 de
615 2537 723 2615 quihus
746 2551 851 2622 partim
868 2564 964 2624 'supra
984 2553 1043 2610 iam
1066 2551 1176 2633 dictum
1200 2561 1247 2612 est-
1267 2544 1372 2626 partim

217 2653 332 2733 dicetur
357 2654 388 2714 jn
415 2653 606 2714 recensendis
638 2645 766 2721 singulis
793 2651 966 2726 disciplinis.
1021 2655 1086 2723 Qui
1104 2669 1208 2712 omncs
1230 2664 1373 2718 <suctores

217 2754 344 2829 librique
366 2756 406 2815 ita
427 2765 510 2816 crant
532 2765 561 2816 et
582 2759 612 2825 in
635 2755 815 2827 argumentis
838 2763 867 2815 ct
888 2757 918 2814 in
942 2773 1078 2816 sermone
1094 2755 1269 2814 Aristotelici
1284 2788 1326 2796 -
1342 2756 1372 2814 id

218 2858 298 2930 quod
319 2857 448 2920 inventis
469 2874 549 2919 nune
571 2863 690 2920 demum
713 2868 741 2917 et
764 2871 832 2916 vcra
854 2857 977 2916 scientia
991 2863 1027 2916 'et
1049 2872 1135 2915 verae
1154 2857 1294 2915 scientiae
1311 2872 1373 2915 scr·

217 2971 306 3016 mone
328 2966 559 3021 consentaneum
582 2956 654 3021 sane
677 2968 738 3018 erat
759 2989 802 3016 -,
825 2969 857 3018 ut
878 2970 915 3017 ex
936 2940 995 3016 illis
1018 2958 1091 3016 solis
1126 2959 1162 3017 de
1184 2959 1250 3017 libri
1273 2958 1374 3019 cuius·

218 3059 288 3139 dam
306 3057 486 3130 peripatetici
509 3068 629 3119 auctore
651 3061 698 3118 vix
721 3044 878 3133 quisquam
901 3059 1094 3132 pronunciare
1113 3068 1216 3134 posset
1230 3060 1373 3132 facileque

217 3158 248 3214 in
280 3157 378 3231 ipsum
405 3160 603 3222 scriberentur
627 3161 838 3219 Aristotelem·
876 3159 948 3227 Quis
983 3161 1061 3218 cuim
1090 3156 1228 3235 umquam
1256 3162 1282 3220 si
1310 3161 1373 3220 sola

218 3258 305 3318 nohis
327 3267 472 3321 restarent
494 3263 593 3322 Ethiea
615 3263 763 3337 Tudemea
791 3261 828 3319 de
851 3261 1006 3321 Aristotele
1040 3269 1158 3323 auctore
1193 3259 1375 3322 dubitasset?

220 3361 285 3430 Quo
312 3361 508 3422 confidentius
536 3365 602 3445 dieo
634 3365 665 3424 in
695 3367 752 3429 hoe
783 3363 862 3421 omni
896 3363 1014 3436 negotio
1042 3379 1078 3422 ex
1096 3365 1169 3433 ¹sola
1195 3364 1373 3423 rci'rationc

218 3463 382 3538 aetatisque
408 3472 511 3526 natura
539 3473 568 3524 et
594 3467 758 3526 studiorum
787 3465 907 3524 historia
933 3465 1153 3525 diiudicandum
1180 3480 1248 3524 esse
1276 3482 1374 3540 neque

219 3564 308 3645 ullam
332 3580 400 3625 esse
426 3567 577 3626 titulorum
606 3569 779 3628 traditorum
807 3568 1018 3627 auctoritatem.
1068 3568 1373 3642 Accedit-quod'ipsi

219 3650 334 3725 ueteres
366 3667 416 3741 qui
447 3675 516 3740 post
541 3669 740 3729 Andronicum
768 3678 797 3727 et
824 3669 994 3728 Ciceronem
1027 3669 1183 3742 studiaque
1210 3669 1375 3727 Aristotelis

192 3829 193 3832 ,
218 3749 318 3833 renata
340 3768 441 3837 titulos
462 3769 518 3825 hos
530 3768 569 3824 ab
584 3768 789 3828 Alexandrinis
808 3777 947 3843 acceptos
960 3769 1114 3838 audirent,⁴
1128 3763 1180 3825 cos
1200 3765 1374 3838 saepissime

221 3964 332 4039 nomini
357 3951 495 4023 ¹additum
528 3967 582 4026 luit
611 3970 666 4028 viri
699 3987 808 4030 nomen
843 3969 1017 4030 adiectirum
1056 3965 1161 4041 (velut
1181 3957 1375 4028 Nicomaehca

219 4063 367 4122 Eudemca
394 4065 587 4127 Theodectes,
603 4071 776 4146 Menosca),
809 4075 901 4132 modo
932 4069 1089 4146 significari
1115 4085 1150 4128 so
1173 4069 1375 4131 existimarent

219 4164 255 4222 ad
279 4179 366 4238 quem
389 4164 455 4225 lihri
477 4167 518 4228 illi
542 4171 643 4246 scripti
666 4181 767 4232 essent
789 4175 841 4247 (sd
864 4174 1055 4238 Nicomaehos
1069 4180 1100 4230 et
1114 4176 1227 4246 patrem
1239 4179 1268 4232 et
1282 4171 1374 4231 filium

219 4264 311 4325 David
333 4267 364 4326 in
381 4268 448 4328 Cat.
461 4268 512 4342 25,
528 4272 582 4333 40
593 4273 730 4349 idemque
742 4275 835 4334 Anon.
850 4275 982 4347 Prolegg.
1000 4274 1029 4332 in
1045 4274 1151 4348 Porph.
1167 4272 1238 4349 isag.
1256 4272 1376 4334 Cramer

219 4358 326 4441 Anecd.
350 4370 442 4431 Paris.
460 4373 495 4430 lV
517 4391 545 4447 p.
557 4374 621 4434 424
636 4397 671 4426 =
687 4376 754 4436 Sch.
767 4377 814 4440 Br.
831 4377 872 4435 Ph
887 4372 939 4447 23,
962 4376 999 4433 ad
1021 4377 1184 4437 Eudemum
1198 4376 1292 4436 Anon.
1305 4377 1324 4432 l.
1338 4390 1373 4444 c,
