3160 5222
638 453 838 515 „p

174 623 288 680 rhetica-
310 622 428 699 scripsit
455 619 503 680 ille
533 613 590 704 ἀφ’
616 607 657 683 οὗ
679 613 765 706 φασι
793 617 853 706 τὴν
875 611 1021 706 κριτικήν
1047 643 1083 686 τε
1106 619 1162 685 καὶ
1183 643 1335 707 γραμμα-

172 716 267 806 τικήν
289 713 392 807 ἀρχὴν
414 718 529 802 λαβεῖν
540 725 588 798 (ut
603 725 642 784 ait
657 725 716 818 llio
727 726 829 801 Chrys.
846 744 874 799 p.
892 723 955 785 634
970 727 1112 800 Emper.),
1136 737 1236 786 eontra
1252 729 1334 787 multi

171 825 202 883 in
224 825 271 884 his
295 826 385 884 rebus
408 827 527 884 luerunt
542 826 678 902 discipuli
695 829 774 887 velut
788 829 914 887 Phanias
930 827 1123 886 Aristoxenus
1140 828 1333 889 Dicaearchus

171 920 266 1010 (περὶ
285 925 455 1004 μουσικῶν
479 917 616 1007 ἀγώνιον
638 930 741 988 Hilller
756 929 822 991 hist.
840 930 888 987 Gr.
905 930 933 986 ll
945 931 978 987 ΙΙ.
995 927 1068 989 335.
1088 925 1224 1004 37-50,
1255 925 1333 1013 περὶ

165 1017 323 1091 Ἀλκαίου
334 1031 368 1088 lr.
382 1026 524 1102 34-36)
548 1029 717 1090 Heraclides
730 1033 777 1104 (Ι).
794 1033 826 1088 L.
844 1028 873 1102 5,
889 1027 940 1090 87.
957 1028 1014 1104 88)
1038 1029 1073 1088 cl.
1089 1031 1233 1090 Plutarch.
1268 1033 1331 1091 Non

171 1147 262 1204 posse
285 1147 366 1189 suar.
389 1131 445 1190 riv.
471 1125 529 1188 sec.
547 1131 598 1205 llp.
614 1130 663 1204 12,
694 1149 784 1207 quum
807 1141 904 1193 tanren
928 1133 1058 1191 veriores
1081 1133 1182 1206 etqui
1205 1135 1331 1192 maxime

170 1240 272 1291 essent
293 1231 476 1307 Peripatetici
498 1230 720 1307 Theophrastus
735 1235 885 1293 Eudemus
902 1237 997 1294 Strato
1013 1236 1042 1292 in
1058 1215 1189 1308 physicis
1204 1237 1329 1294 inarime

170 1341 286 1408 praeter
308 1335 402 1406 logica
424 1334 577 1408 ethieaque
600 1334 707 1394 versati
731 1351 765 1394 eo
783 1336 940 1394 similiores
957 1343 1058 1402 essent
1073 1336 1221 1408 magistro.
1246 1339 1330 1395 Falsa

169 1436 259 1510 igitur
281 1443 351 1496 sunt
372 1445 402 1495 et
420 1425 687 1513 Ὀλυμπιονῖκαι,
712 1435 761 1511 qui
777 1445 892 1510 practer
907 1437 1019 1495 indices
1036 1453 1194 1510 numquam
1211 1439 1328 1498 disertis

170 1538 267 1596 verbis
290 1535 840 1613 citantur(ellr.182—184Mdll.)
866 1539 905 1597 ita
932 1546 965 1597 ut
990 1553 1183 1612 quaeeunque
1209 1541 1244 1598 ad
1274 1541 1329 1597 hoc

169 1657 245 1716 opus
268 1657 348 1699 nunc
370 1640 538 1700 reseruntur
553 1646 676 1712 excepto
693 1640 790 1698 Schol.
808 1641 845 1698 ad
859 1641 942 1698 Pind.
956 1641 1000 1700 Ol.
1011 1639 1074 1720 7,1
1091 1644 1128 1699 ad
1143 1637 1197 1698 alia
1211 1657 1328 1714 quoque

170 1759 260 1816 opera
281 1741 429 1816 pertinere
451 1743 600 1816 potuerint
623 1741 702 1799 velut
724 1756 799 1814 quae
822 1741 859 1798 ad
880 1741 972 1801 libros
996 1745 1032 1801 dc
1054 1743 1150 1817 poetis
1172 1744 1327 1802 manifesto
1437 1733 1440 1741 ¹

170 1852 303 1918 spectant
325 1845 360 1903 ah
384 1845 576 1902 Eratosthene
599 1843 627 1900 in
653 1841 864 1916 Olympionieis
887 1842 972 1900 citata
995 1845 1042 1916 (ll.
1059 1845 1090 1902 L.
1107 1841 1138 1914 8,
1155 1840 1204 1902 st.
1222 1845 1257 1900 el.
1273 1843 1325 1927 74.

170 1943 241 2020 57),
275 1953 304 2004 ct
326 1944 533 2005 Πυθιονῖκαι
561 1945 635 2002 Plut.
665 1943 724 2002 Sol.
746 1942 796 2002 11.
823 1941 889 2002 Sch.
911 1945 993 2001 Pind.
1018 1944 1047 2016 2,
1064 1943 1105 2004 87
1129 1945 1180 2017 (ci.
1197 1945 1326 2018 llllller),

168 2038 399 2109 Διδασκαλίαι
432 2049 536 2106 llaller
556 2049 580 2105 H
599 2063 628 2120 p.
646 2029 708 2104 184
725 2061 769 2120 sq.
803 2046 950 2119 huiusque
979 2045 1098 2120 generis,
1124 2047 1178 2104 alia
1205 2063 1219 2104 a
1244 2046 1324 2120 Diog.

161 2147 198 2221 5,
215 2148 256 2208 26
279 2147 379 2221 οΙΙοΙο;
410 2156 560 2223 praeterea
584 2163 659 2221 quae
682 2149 782 2222 spuria
804 2163 872 2205 esse
895 2154 973 2204 recte
997 2145 1068 2204 vidit
1089 2148 1182 2206 Lehrs
1206 2150 1242 2207 de
1264 2149 1328 2206 Ari·

170 2254 286 2311 stareho
310 2268 338 2323 p.
355 2249 418 2309 227
441 2239 643 2332 ἀπορήματα
671 2249 750 2321 (sive
773 2250 853 2321 quod
876 2248 952 2306 idem
977 2255 1023 2306 est
1045 2240 1266 2332 προβλήματα
1289 2251 1325 2308 cl.

168 2353 282 2426 Philop.
306 2351 364 2409 vila
386 2351 450 2438 Ar.)
472 2342 633 2434 Ὁμηρικοὶ
659 2351 708 2407 vil.
733 2350 830 2407 Nunn.
855 2367 883 2424 p.
900 2347 950 2422 12.
984 2349 1120 2408 Wenrich
1143 2367 1171 2424 p.
1189 2348 1251 2410 157
1274 2352 1325 2423 (cl.

167 2453 331 2512 Heraclidis
355 2443 467 2528 λύσεις
485 2443 659 2536 Ὁμηρικοὶ
681 2451 729 2510 eit.
754 2450 850 2509 Schol.
875 2450 905 2508 ΙΙ.
923 2449 952 2523 2,
970 2449 1041 2521 649,
1066 2453 1234 2528 Demetrius
1253 2453 1326 2512 Pha·

168 2559 266 2615 lereus
281 2556 313 2612 0.
330 2557 362 2612 L.
380 2553 409 2629 5,
425 2554 483 2629 81)
507 2573 582 2631 quae
606 2563 637 2614 ut
660 2560 756 2627 cetera
773 2553 834 2612 lere
845 2553 1033 2627 grammatica
1047 2561 1115 2628 post
1126 2556 1325 2615 Andronicum
1424 2563 1425 2568 ’

170 2661 288 2717 demum
310 2657 474 2718 inclaruere
497 2660 548 2732 (el.
563 2657 660 2717 Schol.
685 2656 813 2713 eTzetze
836 2657 913 2714 duct.
927 2657 1015 2728 extr.)
1038 2673 1055 2714 a
1076 2653 1238 2732 porphyrio
1261 2672 1326 2715 sae-

168 2759 291 2834 pissime
319 2762 460 2834 usurpata
485 2759 516 2818 in
544 2772 634 2834 opere
662 2746 831 2838 ζητήματα
852 2746 1013 2840 Ὁμηρικὰ
1034 2757 1176 2830 inscripto
1203 2773 1240 2814 ex
1268 2771 1326 2830 quo

170 2877 244 2935 quae
260 2855 261 2860 ’
276 2861 306 2920 in
335 2862 456 2920 scholiis
482 2861 647 2920 Homericis
680 2859 885 2933 quaestionum
920 2859 1161 2936 solutionumque
1193 2858 1328 2932 exempla

170 2965 307 3038 leguntur
329 2951 366 3022 ad
389 2981 480 3022 unum
508 2965 607 3022 omnia
631 2965 717 3020 ducta
744 2968 814 3020 sunt
839 2973 957 3034 unaque
980 2960 1143 3019 Aristotelis
1166 2961 1331 3033 fragmenta·

169 3069 220 3138 (ex
244 3067 342 3140 operis
365 3066 551 3140 praelatione
567 3066 600 3122 lr.
624 3063 731 3138 legitur
753 3063 819 3122 Sch.
836 3064 867 3122 ΙΙ.
885 3061 935 3135 10,
952 3060 1023 3122 252.
1047 3063 1256 3138 exPorphyrio
1272 3079 1326 3122 sua

168 3169 267 3226 hausit
290 3169 327 3226 de
350 3167 436 3227 Arist.
460 3166 659 3242 Diogenianus
682 3165 749 3223 Sch.
773 3165 804 3222 ll.
822 3162 850 3238 5,
867 3161 929 3224 576
945 3187 979 3216 --
996 3163 1026 3236 2,
1042 3162 1129 3237 169),
1153 3166 1189 3223 cl.
1213 3165 1325 3224 indices

169 3271 200 3328 in
223 3271 321 3329 Schol.
346 3269 399 3328 Od.
423 3268 469 3328 ed.
493 3269 659 3328 Buttmann.
676 3268 721 3338 (et
733 3273 883 3339 praeterea
897 3269 994 3327 Schol.
1008 3266 1061 3325 od.
1074 3266 1152 3324 Harl.
1164 3266 1194 3322 in
1208 3265 1327 3344 Cramer

169 3373 279 3431 Aoeed.
302 3372 394 3430 Paris.
411 3371 455 3443 ΙΙΙ,
471 3368 545 3442 462,
561 3367 591 3432 7.
607 3366 680 3440 463,
697 3367 754 3441 22)
787 3374 817 3424 et
842 3368 968 3426 maxime
999 3368 1065 3426 Sch.
1087 3366 1118 3424 ll.
1137 3366 1186 3423 ed.
1203 3365 1324 3422 Bekker.

166 3475 199 3532 in
222 3475 330 3548 quihus
352 3483 449 3533 tamen
480 3487 577 3546 neque
600 3487 616 3529 a
638 3471 712 3529 loeis
740 3485 777 3527 cx
799 3468 920 3526 historia
947 3467 1117 3525 animalium
1145 3464 1239 3522 ductis
1263 3480 1327 3521 sae-

169 3576 292 3650 pissime
315 3575 345 3633 in
369 3573 489 3632 scholiis
517 3574 601 3630 citata
629 3571 789 3644 (quaedam
811 3568 937 3648 fortasse
960 3583 995 3624 ex
1018 3566 1127 3640 politiis
1150 3572 1182 3622 ut
1204 3564 1271 3623 Sch.
1296 3565 1326 3622 ΙΙ.
1442 3613 1443 3618 ,
1555 3561 1557 3564 ’

171 3675 222 3748 16,
239 3673 311 3734 233.
342 3691 358 3731 e
380 3667 467 3747 peplo
492 3675 559 3732 Seh.
584 3671 637 3730 Od.
654 3670 706 3740 22,
722 3665 758 3740 9)
782 3669 854 3726 sotis
876 3670 949 3726 haec
972 3675 1041 3726 sunt
1063 3659 1215 3741 segregata
1230 3681 1326 3740 neque

171 3779 206 3838 ah
230 3759 270 3836 iis
290 3791 348 3834 non
374 3791 445 3832 sane
467 3774 569 3848 paucis
593 3772 643 3830 ubi
665 3771 837 3830 Aristotcles
860 3771 967 3844 legitur
988 3786 1041 3844 pro
1065 3768 1259 3841 Aristophane
1280 3771 1327 3827 vel

171 3879 338 3939 Aristarcho
355 3877 434 3934 velut
445 3877 512 3934 Sch.
528 3876 559 3933 ΙΙ.
574 3874 602 3945 1.,
615 3868 687 3934 303.
705 3873 735 3945 1,
746 3869 819 3931 481..
836 3871 887 3946 16,
901 3869 972 3932 283.
988 3904 1031 3912 -
1046 3868 1096 3942 11,
1109 3867 1180 3930 385.
1194 3868 1244 3940 21,
1257 3869 1328 3930 122.

172 3978 282 4054 4,137
303 3983 351 4053 ap.
377 3977 496 4036 Cramer
517 3978 546 4035 T.
565 3978 601 4034 ΙΙΙ
621 3993 649 4051 p.
663 3975 693 4046 9,
707 3973 725 4034 6
741 3997 777 4024 =
793 3977 880 4032 Beldr.
902 3991 929 4049 p.
947 3972 1018 4042 127,
1035 3971 1054 4032 7
1082 3973 1118 4030 ei.
1143 3971 1237 4030 Cram.
1255 3971 1328 4046 282,

172 4081 223 4144 25.
240 4113 282 4123 -
298 4078 349 4153 11,
366 4077 428 4140 636
452 4079 545 4138 Cram.
563 4080 608 4151 ΙΙΙ,
628 4097 656 4153 p.
670 4076 721 4145 16,
736 4076 778 4137 20
805 4077 841 4134 ci.
860 4077 948 4134 serr.
969 4093 997 4148 p.
1011 4069 1082 4143 325,
1096 4072 1146 4131 12.
1160 4073 1210 4132 14.
1224 4072 1274 4134 31..
1288 4108 1329 4116 -

175 4188 242 4246 Sch
254 4185 285 4242 ΙΙ.
299 4171 387 4264 Behh.
404 4181 455 4254 20,
468 4180 540 4242 252.
557 4181 609 4253 24,
621 4173 748 4241 340.’-
758 4187 910 4254 praeterea
923 4177 1017 4238 Cram.
1031 4195 1060 4250 p.
1071 4175 1143 4248 162,
1157 4175 1207 4238 10.
1219 4176 1291 4266 204,
1300 4175 1327 4235 6.

175 4286 247 4360 aaa,
264 4285 314 4345 aa.
332 4267 590 4357 carasca-21
614 4285 666 4356 (aa
682 4283 713 4341 n.
731 4280 782 4354 er,
798 4279 872 4354 νον,
895 4281 931 4339 aa
947 4279 1034 4338 inst.
1059 4279 1277 4336 cenationum
1294 4280 1328 4336 er.

175 4391 243 4450 hist.
261 4381 307 4445 an.
324 4385 354 4458 3,
370 4386 415 4459 9).
439 4421 480 4428 --
504 4389 545 4446 Gi.
570 4391 721 4460 praeterea
742 4384 897 4460 Phrynieh.
912 4401 937 4440 v.
949 4373 1170 4459 βασίλισσαι).
1184 4376 1246 4443 225
1259 4381 1329 4440 Lol).

177 4491 265 4564 (inde
287 4489 394 4548 Anend.
419 4489 507 4548 serr.
524 4489 545 4559 Ι,
562 4505 591 4564 p.
603 4486 656 4560 84,
668 4486 741 4560 26),
777 4487 881 4546 Strabo
898 4485 960 4543 Xlll
982 4502 1009 4558 p.
1029 4481 1104 4553 1083
1132 4482 1260 4539 incertus
1288 4489 1333 4538 est
