2992 5032
780 339 822 400 92

225 506 250 566 si
274 507 370 567 urnula
393 513 498 573 essent,
515 506 627 565 infinite
647 521 704 564 nec
728 503 869 566 numeros
884 509 1033 567 haherent
1052 484 1101 567 res
1123 526 1220 584 neque
1238 511 1383 586 cognosci

224 604 785 687 1111111111111111(15914111.)
815 625 912 683 neque
944 617 1024 671 esset
1057 609 1155 683 ipsum
1183 604 1223 673 cd
1256 604 1383 693 praecoc-

173 712 179 717 “
223 729 323 789 μενον
348 713 367 778 1.
392 727 416 769 1.
451 702 620 795 ἡγνῶσις
642 708 817 788 111911).
867 713 944 772 11111
974 727 1043 769 vcro
1073 728 1134 770 non
1164 715 1264 773 minus
1293 732 1382 789 quarn

225 814 290 887 ipse
311 813 359 871 illa
382 814 419 871 de
441 830 545 874 rerum
561 831 601 875 en
622 813 695 871 siniti
717 820 747 871 et
767 812 872 872 infiniti
888 814 1030 872 mixtione
1040 821 1070 872 et
1080 815 1231 874 harmonia
1244 824 1383 876 constan-

225 916 299 972 tium
322 915 479 989 disputatio
503 913 544 991 (p.
561 914 602 976 ’45
616 917 646 973 11.Υ
671 931 747 988 quae
763 922 795 973 ut
811 916 907 974 omnis
920 931 1111 974 numerorum
1123 919 1200 990 apud
1216 918 1381 979 Platonicos

112 1028 115 1050 s
226 1018 358 1076 doctrina
380 1020 579 1093 metaphysica
600 1033 618 1076 e
640 1016 769 1075 Platonis
784 1016 905 1075 Philebo
919 1008 1059 1091 pendent,
1082 1010 1379 1103 cuinsci.p.16sqq.

225 1117 276 1180 ts.
290 1117 426 1179 23-26,
440 1117 483 1180 30
496 1120 553 1199 sq.)
578 1119 685 1178 mirum
700 1125 843 1193 quantum
854 1119 963 1178 distant
974 1136 990 1176 a
1002 1120 1256 1195 Pythagoreorum·
1265 1123 1380 1195 qualern

225 1223 354 1282 ostendit
383 1221 569 1281 Aristoteles¹
588 1222 722 1296 simplice
755 1221 854 1278 indole
888 1227 917 1281 et
947 1221 1013 1279 rudi
1040 1221 1070 1279 in
1100 1222 1286 1297 philosophia
1314 1231 1381 1281 eta

226 1323 384 1382 dialecticis
408 1322 678 1398 metaphysicisque·
696 1323 785 1398 rebus
808 1321 1015 1395 remotissima,
1038 1338 1093 1380 nee
1106 1324 1151 1380 de
1174 1324 1293 1384 Platone
1306 1325 1381 1383 diiii*-

226 1427 354 1484 dendcm
384 1432 429 1483 est
456 1424 504 1497 qui
533 1440 565 1483 se
594 1439 711 1497 semper
737 1425 913 1493 dialecticae
926 1425 1077 1500 doctrinae
1098 1426 1288 1500 methodique
1311 1428 1329 1484 i.
1348 1443 1380 1485 e.

205 1546 206 1549 ¹
225 1528 358 1587 idearum
380 1526 542 1585 sententiae
565 1542 624 1585 non
647 1525 711 1587 sine
734 1527 840 1600 gaudio
864 1523 1044 1593 inventorem
1068 1527 1275 1603 praedicctlcl.
1290 1529 1379 1601 Soph.

225 1628 339 1690 25911.
352 1627 437 1705 111.);
460 1643 637 1700 quamquam
660 1636 692 1687 nt
714 1629 754 1686 ait
776 1644 877 1688 revera
901 1645 960 1688 non
983 1636 1029 1688 est
1050 1645 1126 1688 nora
1140 1641 1238 1703 neque
1257 1617 1380 1712 ἤρξατο

225 1729 291 1805 νῦν,
310 1732 367 1790 sed
391 1745 509 1803 semper
532 1729 593 1800 luit,
620 1729 802 1802 primaevum
825 1729 872 1787 dei
894 1746 1003 1788 munus
1027 1728 1154 1791 hominis
1170 1732 1282 1800 vrationi
1300 1732 1381 1792 indi·

225 1842 288 1894 tum
322 1848 380 1906 quo
414 1831 500 1890 inscii
533 1833 580 1888 usi
611 1838 680 1889 sunt
712 1831 731 1888 ii
759 1829 809 1904 qui
837 1830 923 1903 primi
950 1834 1055 1891 artium
1082 1835 1276 1893 humanarum
1302 1836 1381 1893 velut

226 1934 431 2012 grammaticae
452 1933 583 1991 musicae
606 1933 693 1993 lucre,
710 1932 879 1990 inventores
902 1965 942 1973 -
965 1935 996 1992 hi
1019 1935 1097 1992 euim
1120 1933 1150 1992 id
1167 1935 1245 2009 quod
1262 1935 1291 1992 in
1304 1934 1379 1994 lihro

226 2040 263 2097 dc
289 2036 480 2111 Pythagoreis
512 2033 645 2109 exposui
671 2040 751 2105 sunt·
772 2021 805 2093 oi
825 2025 1069 2109 1111111111,
1103 2052 1173 2098 non,
1192 2052 1267 2108 quos
1294 2037 1380 2110 plane

226 2143 355 2203 absurda
376 2146 508 2197 veterum
532 2136 732 2209 interpretatio
761 2135 845 2193 linuit
863 2135 1048 2210 Pythagorei
1080 2137 1144 2196 cius
1171 2139 1319 2210 aequales,
1342 2139 1378 2198 cl.

225 2247 311 2306 ctiam
324 2258 410 2317 *qnae
432 2241 520 2300 huius
543 2237 599 2296 loci
624 2237 708 2310 quasi
724 2224 1137 2309 commentariumcontinent
1158 2239 1378 2312 Platmtnom.

225 2344 288 2409 976
304 2353 377 2405 extr.
395 2352 423 2402 et
434 2359 501 2415 sqq.
516 2358 579 2396 .-:
607 2354 712 2413 nempe
730 2353 844 2396 xomnes
872 2345 950 2396 artes
977 2334 1098 2413 nt'ipsa
1125 2349 1228 2399 natura
1255 2347 1284 2397 et
1310 2334 1380 2398 rere

225 2447 383 2505 methodus
406 2444 461 2501 hac
483 2441 642 2500 deliniendi
669 2441 753 2513 quasi
776 2439 957 2498 arithmetica
978 2441 1122 2514 nituntur,
1151 2447 1329 2515 quapropter
1351 2449 1380 2500 et

224 2537 414 2630 μαθήματα
442 2559 516 2618 quae
544 2541 663 2616 proprie
684 2541 723 2598 ita
745 2548 886 2598 vocantur
907 2538 956 2618 (cl.
981 2543 1052 2602 Ken.
1077 2543 1196 2602 Memor.
1213 2543 1244 2616 4,
1261 2541 1293 2620 7)
1318 2557 1376 2601 sect

117 2685 120 2687 -
223 2649 364 2711 Platonis·
381 2647 470 2706 rerba
495 2644 527 2702 in
547 2642 709 2717 Republica
736 2649 766 2700 ct
790 2643 855 2718 ipsa
882 2651 985 2716 postea
1006 2635 1195 2720 Pythagoreis
1214 2645 1293 2702 male
1316 2643 1379 2704 vm.

222 2755 318 2813 dicata
352 2749 484 2825 (propter
511 2747 567 2804 loc.
600 2761 641 2803 se
672 2746 708 2802 de
734 2744 807 2819 Rep.
835 2762 863 2819 p.
885 2743 946 2806 519
965 2768 1001 2805 =
1021 2747 1107 2804 Arist.
1131 2748 1168 2806 de
1191 2746 1274 2805 coelo
1293 2744 1324 2815 2,
1339 2743 1377 2821 9)

224 2854 333 2929 gradus
356 2856 426 2908 sunt
447 2848 483 2905 ad
507 2863 570 2905 eam
593 2862 669 2920 quac
691 2845 728 2904 iis
749 2846 828 2906 inest
850 2848 1039 2919 dialecticam,
1064 2848 1140 2906 licet,
1153 2848 1204 2921 qui
1220 2847 1378 2922 easpossi-

224 2958 296 3014 dent
318 2966 350 3011 se
373 2948 551 3008 dialecticem
575 2948 669 3019 ipsam
692 2947 855 3020 possidere>
868 2950 925 3024 ipsi
948 2965 1015 3008 non·
1031 2949 1157 3008 videant.
1203 2949 1259 3009 Sed
1277 2950 1378 3007 redea-

225 3070 292 3115 mus
314 3055 352 3111 ad
374 3057 523 3127 auctorem
547 3051 582 3107 de
604 3049 716 3106 inundo
739 3050 872 3124 duasque
897 3051 963 3108 illas
986 3052 1088 3108 mundi
1105 3059 1218 3126 partas,
1242 3059 1316 3124 quae
1337 3050 1377 3108 ita

215 3154 434 3225 r‹ic'rscrihuntur
465 3158 498 3210 ut
530 3151 620 3209 altera
654 3151 692 3208 sit
718 3152 798 3226 regio
832 3153 984 3226 coelestis
1019 3169 1107 3226 qnam
1136 3154 1291 3228 Olympum
1318 3167 1376 3224 sec.

223 3260 386 3318 llomernm
410 3253 535 3327 appellat
562 3253 636 3310 liber
664 3255 700 3311 de
726 3256 836 3313 mundo
859 3251 973 3326 tout
988 3252 1126 3336 113971)
1144 3253 1185 3313 26
1212 3255 1289 3313 sieut
1310 3253 1378 3311 Pan

224 3353 488 3428 1111111111141
512 3350 560 3431 (11.
584 3354 655 3413 Plat.
678 3355 760 3428 lipin.
774 3352 846 3416 977.
870 3357 1041 3417 Xenocratis
1065 3357 1112 3415 dei
1131 3355 1260 3430 ¹Olympii
1276 3361 1313 3411 ⁴et
1333 3353 1379 3411 Ti·

224 3463 294 3525 tanii
317 3460 440 3519 Krische
463 3458 581 3516 Forsch.
594 3444 666 3518 318.
691 3460 771 3518 Stoh.
796 3458 848 3516 ecl.
868 3455 897 3531 1,
915 3455 955 3516 62
978 3467 1007 3518 11
1029 3456 1249 3531 Neo÷Orphica
1267 3457 1317 3515 illa
1338 3453 1379 3537 γῆ

221 3552 375 3640 diventa
397 3562 466 3618 luna
486 3559 603 3618 Lohe'clr
626 3560 688 3633 Agl.
702 3557 765 3620 500
780 3581 815 3610 =
829 3561 902 3618 Phil.
916 3557 979 3621 130
990 3561 1022 3618 Β.
1046 3594 1087 3602 -
1111 3567 1164 3619 cet.
1182 3559 1218 3617 11.
1235 3561 1273 3633 de
1287 3574 1378 3619 seusu

225 3666 305 3725 vario
328 3663 408 3722 vocis
432 3649 571 3745 οὐρανός
593 3661 680 3720 Arist.
705 3663 741 3719 de
763 3664 846 3721 coelo
865 3661 894 3732 1,
912 3662 941 3723 9.
959 3661 1061 3740 27811)
1084 3671 1113 3720 11
1134 3662 1299 3731 Philolaus,
1322 3659 1377 3716 nisi

226 3767 305 3840 quod
327 3764 375 3823 hio
397 3764 490 3821 solam
512 3764 552 3821 ita
577 3756 638 3843 τήν
658 3751 794 3846 ἀπλανῆ
820 3764 931 3823 dixisse
959 3779 1059 3821 errore
1081 3763 1146 3820 sine
1169 3758 1257 3815 dubio
1280 3758 1378 3828 perhi-

224 3869 310 3927 hetnr
343 3865 448 3924 eodem
474 3864 538 3923 scil.
572 3880 630 3938 quo
659 3865 869 3923 Parmenidem·
891 3863 1071 3936 posteriores
1096 3864 1299 3930 ”corruperunt
1326 3855 1376 3933 (el.
1439 3880 1441 3887 ·

225 3968 348 4027 Karsten
379 3967 512 4025 Permen.
535 3963 683 4038 254sqq.
718 3980 815 4037 neque
848 3965 925 4023 enim
959 3969 1038 4021 recte
1072 3959 1230 4032 disputarit
1255 3959 1378 4019 Krische

225 4070 344 4130 Forsch.
361 4066 424 4128 114
439 4071 517 4142 sqq.)
546 4074 575 4125 et
592 4065 794 4138 Neoplatonici
823 4066 974 4125 cuiusdam
1008 4061 1153 4120 narrantis
1175 4061 1288 4135 eulpa,
1303 4063 1380 4121 sicut

226 4173 323 4247 ipsum
353 4168 447 4242 magis
476 4169 561 4225 docet
583 4165 731 4224 dividendi
760 4168 889 4235 studium
918 4171 1004 4239 qttern
1035 4163 1084 4222 illa
1111 4152 1381 4245 φιλομετάβολος

165 4301 168 4309 ·
225 4267 353 4356 γένεσις
380 4270 428 4346 (11.
454 4267 546 4324 Praei.
571 4267 621 4323 Th.
645 4269 684 4340 pl.
703 4266 775 4329 259.
793 4266 864 4329 353.
888 4267 959 4324 Tim.
977 4263 1063 4326 2931
1091 4274 1120 4324 et
1141 4281 1230 4340 saepe
1252 4260 1293 4327 τὰ
1316 4282 1379 4327 rro=

220 4363 436 4452 ,λυμπάβολα
460 4368 532 4426 Plul.
557 4369 593 4427 de
616 4371 756 4443 psychog.
781 4365 915 4428 1111125.
930 4367 1189 4443 811111111617.
1208 4369 1379 4443 Hippodarn.
